3177 4960
580 329 700 387 278
1530 327 1688 396 Hugo
1724 326 1758 381 J
1762 332 1916 383 usatz

582 508 838 570 servato
895 502 1064 569 thesi
1120 502 1412 583 sequenti
1470 520 1600 567 non
1644 506 1839 569 restet
1884 500 2157 569 duarum
2222 521 2544 568 morarum
2591 504 2902 587 spatium,

579 606 696 673 sed
755 610 931 672 tanto
989 604 1232 687 minus,
1302 608 1540 686 quanto
1597 605 1759 671 arsis
1816 610 2010 671 aucta
2070 609 2185 671 est.
2288 602 2359 668 Si
2420 623 2578 672 vero
2638 610 2896 690 tempus

580 710 771 775 inane
838 707 1465 790 quantulumcunque
1528 707 1696 773 inter
1760 705 1890 773 duo
1958 706 2071 773 illa
2138 712 2429 790 tempora
2491 708 2895 775 irrationalia

581 809 938 892 intercedit,
984 814 1117 874 tum
1164 809 1470 892 temporis
1515 810 1814 892 spatium,
1861 809 2034 893 quod
2080 815 2281 876 restat
2324 808 2519 894 thesi,
2567 810 2733 877 adeo
2779 810 2890 879 de-

575 913 911 997 minuitur,
969 918 1040 978 ut
1082 931 1163 977 ne
1208 912 1442 994 longae
1496 911 1756 995 quidem
1815 912 2106 997 syllabae
2161 913 2670 996 pronuntiandae
2716 913 2891 981 suffi-

578 1016 722 1082 ciat.
799 1015 1204 1100 Quapropter
1234 1013 1471 1080 factum
1504 1019 1620 1098 est,
1664 1020 1736 1081 ut
1763 1013 2373 1098 iambographorum
2404 1021 2469 1083 et
2498 1016 2889 1100 tragicorum

579 1120 855 1204 optimus
901 1119 1191 1202 quisque,
1250 1118 1501 1201 quoties
1547 1116 1676 1184 arsi
1719 1117 2150 1201 praecedente
2195 1118 2487 1201 quamvis
2533 1118 2716 1184 brevi
2763 1120 2891 1186 sol-

580 1222 676 1287 vit
718 1221 928 1289 thesin
974 1221 1457 1305 paenultimam,
1503 1240 1585 1286 ne
1631 1225 1764 1285 tum
1813 1219 2074 1303 quidem
2118 1226 2268 1287 ante
2312 1220 2554 1288 solutas
2599 1222 2891 1306 syllabas

579 1325 879 1391 admittat
933 1343 1201 1407 pausam
1219 1368 1237 1403 ‚
1306 1322 1422 1389 sed
1481 1322 1724 1389 solutas
1781 1323 2068 1405 syllabas
2136 1323 2411 1390 collocet
2475 1325 2541 1388 in
2599 1330 2891 1392 extremo

577 1428 879 1495 mediove
934 1427 1135 1495 verbo
1181 1425 1288 1492 vel
1332 1425 1550 1492 media
1593 1427 1659 1490 in
1706 1423 1975 1491 duorum
2021 1426 2359 1492 verborum
2406 1428 2890 1511 coniunctione3

579 1532 676 1597 sin
723 1536 938 1597 autem
996 1548 1202 1615 pausa
1257 1528 1363 1595 vel
1422 1528 1688 1593 minima
1754 1532 1852 1593 est
1910 1528 2275 1611 interiecta,
2335 1529 2717 1596 solutionem
2760 1549 2891 1596 non

578 1634 894 1701 admittat.
980 1632 1058 1699 Id
1105 1630 1276 1716 quod
1326 1650 1560 1697 causae
1613 1630 1812 1697 fuisse
1870 1629 2029 1694 mihi
2087 1630 2370 1715 videtur,
2428 1651 2540 1697 cur
2594 1633 2661 1697 in
2717 1632 2891 1716 pede

580 1737 799 1821 quinto
859 1737 1209 1803 solutiones
1267 1733 1676 1799 inveniantur
1734 1738 1865 1798 tam
1923 1752 2086 1798 raro.
2177 1732 2542 1800 Solutiones
2589 1734 2790 1820 enim,
2849 1756 2894 1801 a

579 1841 811 1924 quibus
869 1839 1133 1905 verbum
1194 1857 1319 1902 non
1380 1836 1640 1919 incipit,
1704 1834 1877 1918 apud
1932 1834 2327 1920 Aeschylum
2389 1842 2453 1902 et
2497 1835 2889 1920 Sophoclem

575 1962 704 2008 non
746 1942 1084 2025 pauciores
1129 1940 1368 2005 suntin
1399 1939 1621 2021 quinto
1657 1936 1826 2021 pede
1872 1937 2077 2013 (Eum.
2112 1940 2256 2003 480.
2293 1941 2434 2003 797.
2481 1939 2705 2023 Suppl.
2742 1942 2891 2007 388.

574 2044 680 2109 Αἱ.
712 2047 855 2109 459.
901 2040 977 2108 0.
1010 2042 1084 2107 R.
1118 2044 1260 2105 719.
1312 2042 1495 2104 1496.
1532 2039 1626 2104 El.
1661 2041 1803 2104 326.
1850 2039 1997 2104 Ant.
2032 2043 2173 2105 418.
2222 2039 2420 2125 Soph.
2463 2042 2581 2125 frg.
2632 2046 2777 2126 305,
2824 2045 2894 2109 in

577 2147 824 2213 melicis
855 2144 1184 2210 trimetris:
1231 2143 1328 2207 El.
1368 2145 1508 2208 142.
1540 2141 1718 2225 Sept.
1753 2144 1899 2218 849)
1930 2162 2122 2226 quam
2155 2144 2219 2207 in
2251 2150 2478 2227 quarto
2507 2145 2706 2223 (Pers.
2744 2149 2889 2211 491.

578 2249 757 2333 Sept.
796 2251 977 2313 1022.
1010 2249 1193 2313 Ε11111.
1230 2248 1371 2309 107.
1421 2244 1653 2311 Aesch.
1686 2245 1803 2328 frg.
1842 2249 1984 2327 173,
2018 2250 2076 2310 4.
2123 2244 2198 2312 Ο.
2232 2247 2307 2311 R.
2342 2247 2484 2312 826.
2534 2246 2734 2334 Soph.
2768 2250 2892 2333 frg.

581 2355 726 2435 396,
759 2355 815 2417 3.
884 2350 959 2418 Ο.
994 2350 1063 2418 C.
1112 2352 1213 2415 42.
1283 2347 1448 2414 Phil.
1496 2352 1555 2412 4.
1625 2347 1800 2413 Pers.
1855 2352 1967 2411 171
2021 2344 2367 2431 [tetram.]).
2455 2350 2514 2415 A
2560 2351 2892 2418 solutioni·

577 2457 696 2524 bus
752 2461 968 2522 autem
1026 2460 1159 2521 tum
1219 2452 1474 2519 demum
1532 2451 1686 2518 licet
1742 2450 2029 2535 incipere
2089 2451 2391 2534 verbum,
2448 2472 2491 2519 a
2534 2452 2703 2521 thesi
2760 2475 2893 2522 non

578 2560 788 2626 soluta
817 2557 1218 2641 sententiam,
1267 2576 1411 2622 cum
1458 2555 1662 2621 oratio
1709 2554 2026 2620 concitate
2073 2574 2153 2621 ac
2179 2555 2556 2622 festinanter
2585 2557 2892 2641 decurrit,

576 2663 755 2729 velut
797 2663 980 2727 Eum.
1016 2664 1091 2724 41
1131 2678 1224 2742 sq.
1273 2657 1472 2743 Soph.
1519 2657 1617 2722 El.
1653 2658 1795 2722 887.
1843 2655 1917 2723 Ο.
1953 2657 2026 2722 R.
2062 2660 2185 2722 430
2232 2658 2584 2742 (anaphora
2627 2659 2894 2728 festina-

574 2766 809 2831 tionem
859 2761 1183 2838 ostendit).
1693 2784 1697 2786 v

748 2864 1314 2930 Irrationalitatem
1360 2870 1574 2928 autem
1621 2882 1749 2929 non
1795 2861 1987 2928 modo
2034 2861 2118 2928 ad
2164 2864 2368 2946 arsin,
2424 2883 2649 2931 verum
2695 2867 2896 2933 etiam

578 2967 661 3034 ad
708 2966 920 3034 thesin
964 2972 1287 3052 spectare,
1350 2964 1583 3031 docent
1627 2969 1973 3030 metrorum
2017 2965 2436 3033 iambicorum
2481 2969 2892 3036 catalectico—

580 3090 718 3136 rum
766 3070 1110 3137 clausulae.
1200 3067 1382 3134 Arsis
1429 3067 1599 3132 enim
1643 3066 2043 3150 paenultima
2098 3074 2230 3134 tum
2277 3067 2535 3135 demum
2583 3071 2893 3155 excipere

581 3173 1135 3241 irrationalitatem
1182 3171 1382 3252 valet,
1443 3189 1586 3235 cum
1632 3166 1833 3236 thesis
1879 3189 2154 3253 sequens
2213 3173 2685 3256 correptionem
2729 3174 2889 3241 irra-

582 3276 886 3343 tionalem
932 3274 1233 3342 admittit.
1310 3271 1554 3339 Thesin
1585 3277 1801 3337 autem
1829 3272 2331 3356 uniuscuiusque
2375 3275 2563 3341 metri
2593 3276 2890 3343 ultimam

580 3397 833 3463 semper
876 3379 1255 3446 rationalem
1301 3395 1442 3442 esse
1489 3373 1728 3440 debere
1783 3393 1979 3456 supra
2021 3377 2375 3443 statuimus.
2465 3379 2568 3443 Ex
2614 3399 2740 3463 quo
2789 3398 2891 3446 se-

578 3480 788 3562 quitur
831 3481 1002 3547 arsin
1051 3500 1224 3563 eam,
1290 3497 1456 3563 quae
1501 3477 1568 3541 in
1612 3475 1833 3542 metris
1879 3477 2173 3544 iambicis
2217 3479 2591 3548 acatalectis
2636 3477 2887 3548 irratio-

572 3582 903 3649 nalitatem
947 3583 1190 3667 excipit
1234 3586 1299 3659 (a
1321 3617 1357 3625 -
1378 3607 1423 3633 υ
1443 3615 1482 3624 -
1501 3593 1553 3634 ἑ
1572 3591 1617 3626 ὲ
1636 3579 1798 3660 υΞ),
1845 3578 1911 3643 in
1956 3580 2350 3649 catalecticis
2395 3582 2894 3653 irrationalitate

571 3702 789 3750 carere
818 3703 1081 3751 necesse
1115 3703 1255 3752 esse
1304 3687 1371 3764 (α
1390 3721 1432 3729 -
1451 3709 1495 3736 υ
1514 3719 1552 3727 -
1574 3708 1619 3735 υ
1638 3719 1679 3728 -
1698 3679 1784 3756 τε).
1872 3683 2102 3768 Neque
2131 3704 2286 3752 vero
2316 3683 2422 3751 hic
2451 3686 2630 3752 locus
2662 3691 2764 3753 est
2795 3689 2893 3754 in-

584 3785 857 3870 quirere,
902 3792 1110 3852 utrum
1157 3786 1357 3854 thesis
1403 3788 1518 3861 illa
1561 3808 1766 3873 usque
1819 3788 1905 3855 ad
1951 3788 2280 3854 trisemum
2326 3787 2604 3872 spatium
2646 3791 2889 3872 produ-

578 3894 786 3971 catur,
847 3896 917 3955 ut
959 3889 1156 3973 vulgo
1211 3890 1520 3971 creditur,
1581 3891 1837 3975 syllaba
1894 3896 2111 3957 autem
2166 3888 2376 3957 finalis
2420 3909 2540 3973 pro
2586 3890 2756 3958 thesi
2806 3895 2895 3960 sit

574 3990 986 4075 accipienda,
1049 4012 1132 4057 an
1189 3992 1304 4057 illa
1361 4000 1575 4059 servet
1631 3994 1908 4077 spatium
1965 3992 2313 4076 disemum,
2382 3993 2476 4058 ita
2541 4000 2613 4059 ut
2668 3992 2896 4064 finalis

575 4093 832 4176 syllaba
895 4096 1058 4163 arsis
1124 4095 1266 4162 loco
1323 4101 1599 4178 ponatur
1665 4102 1730 4162 et
1787 4096 1975 4161 inane
2044 4102 2296 4179 tempus
2353 4093 2723 4163 addendum
2785 4100 2895 4183 sit,
