3177 4960
587 378 711 437 214
1539 375 1697 444 Hugo
1733 376 1923 431 Jusatz

785 843 898 907 De
946 841 1422 923 systematis
1470 841 1971 908 harmonicis
2017 842 2678 908 irrationalibus.

753 995 1172 1061 Diatessaron
1218 1015 1474 1080 semper
1511 995 1752 1061 habere
1798 992 1998 1082 ῥητὸν
2041 997 2330 1078 μέγεθος
2360 992 2680 1059 contendi.
2771 991 2897 1058 Oui

583 1119 711 1164 non
741 1099 972 1174 obstat,
1019 1096 1192 1180 quod
1221 1098 1649 1164 Aristoxenus
1678 1098 1762 1163 de
1793 1098 2160 1180 systematis
2191 1095 2609 1162 rationalibus
2640 1101 2705 1160 et
2734 1095 2891 1160 irra-

583 1201 928 1267 tionalibus
973 1197 1062 1284 (p.
1096 1202 1198 1276 24,
1236 1201 1293 1278 1)
1328 1199 1511 1265 dicit:
1556 1196 1640 1263 τὰ
1670 1198 1792 1278 μὲν
1822 1196 1948 1284 γὰρ
1982 1191 2199 1263 αὗτιῦν
2231 1190 2451 1282 ἀλόγῳ
2485 1194 2895 1280 διαστήματι

583 1293 886 1386 ὥρισται,
919 1297 1002 1365 τὰ
1029 1299 1102 1364 δὲ
1126 1300 1323 1388 ῥητῷ,
1356 1302 1531 1386 quod
1553 1307 1726 1369 recte
1758 1303 2203 1385 intellegemus
2227 1303 2335 1379 ita,
2365 1306 2437 1366 ut
2457 1300 2891 1381 intervallum,

582 1425 710 1488 quo
756 1411 1042 1488 systema
1084 1402 1383 1470 definitur
1426 1395 1777 1488 (ὥρισται),
1822 1405 2309 1487 interpretemur
2353 1403 2763 1468 intervallum
2798 1400 2890 1485 id,

582 1507 754 1590 quod
798 1508 1060 1573 interest
1090 1508 1253 1572 inter
1282 1526 1598 1572 summum
1628 1513 1691 1571 et
1719 1506 2007 1572 infimum
2052 1505 2417 1591 systematis
2449 1525 2693 1571 sonum.
2769 1503 2889 1587 Sy-

580 1615 854 1677 stemata
914 1611 1083 1675 enim
1126 1610 1208 1674 ab
1255 1610 1643 1676 Aristoxeno
1700 1629 1829 1675 non
1885 1608 2079 1676 modo
2139 1611 2525 1694 συμφωνίαι
2571 1608 2888 1691 dicuntur,

579 1732 801 1778 verum
859 1715 1052 1778 etiam
1111 1708 1326 1776 πυκνὰ
1354 1715 1396 1790 ¹)
1452 1720 1516 1779 et
1560 1705 1824 1776 ἅπυκνα
1881 1712 1985 1789 (cf.
2030 1732 2093 1796 p.
2129 1716 2229 1794 34,
2263 1715 2363 1775 21.
2426 1713 2506 1772 24
2561 1716 2626 1775 et
2681 1710 2892 1793 ipsam

578 1816 944 1897 systematis
1003 1814 1439 1881 definitionem
1485 1836 1547 1898 p.
1581 1818 1683 1899 22,
1718 1819 1784 1879 2:
1844 1811 1918 1885 τὸ
1971 1812 2043 1878 δὲ
2089 1811 2393 1900 σύστημα
2447 1809 2777 1878 σύνθετόν
2819 1836 2890 1877 τι

578 1919 851 2001 νοητέον
898 1912 967 1980 ἐκ
1012 1914 1344 1981 πλειόνων
1395 1905 1437 2004 ἢ
1485 1914 1633 1993 ἑνὸς
1678 1914 2193 2003 διαστημάτων).
2284 1916 2666 2000 Systemata'
2696 1916 2889 1999 igitur

578 2019 980 2084 irrationalia
1044 2039 1080 2084 e
1140 2018 1389 2085 duobus
1456 2020 1816 2086 intervallis
1884 2021 2242 2105 composita
2307 2026 2490 2086 erunt
2554 2025 2667 2085 aut
2720 2018 2890 2084 inter

580 2119 867 2203 hypaten
913 2125 978 2186 et
1021 2121 1455 2187 irrationalem
1502 2121 1849 2204 lichanum,
1893 2130 2005 2189 aut
2048 2125 2213 2188 inter
2257 2122 2695 2188 irrationalem
2741 2140 2889 2204 par-

578 2221 863 2306 hypaten
910 2230 972 2288 et
1003 2242 1222 2289 mesen
1252 2232 1363 2290 aut
1391 2225 1558 2290 inter
1586 2224 1911 2291 lichanum
1941 2226 2375 2292 irrationalem
2408 2232 2472 2290 et
2501 2242 2888 2309 paramesen

575 2330 688 2390 aut
729 2323 895 2390 inter
923 2326 1086 2391 alios
1117 2346 1307 2392 sonos
1355 2328 1447 2393 eis
1478 2328 1753 2412 similes3
1801 2349 1882 2394 ex
1915 2328 2116 2394 tribus
2146 2334 2362 2393 autem
2399 2347 2496 2412 ea,
2528 2345 2698 2409 quae
2729 2326 2886 2392 duo-

576 2427 697 2493 bus
727 2429 902 2495 sonis
933 2428 1276 2495 mobilibus
1315 2430 1792 2497 irrationalibus
1837 2450 1965 2496 non
2011 2426 2124 2495 διὰ
2158 2427 2501 2512 τεσσάρων
2546 2430 2885 2497 concinen-

576 2532 747 2597 tibus
802 2533 1252 2615 terminantur,
1312 2535 1488 2599 velut
1544 2532 2022 2600 tetrachordum
2079 2534 2245 2600 inter
2287 2532 2613 2600 lichanum
2662 2552 2888 2599 meson

576 2634 1011 2699 irrationalem
1057 2641 1122 2699 et
1152 2637 1342 2701 triten
1371 2655 1834 2719 synemmenon
1865 2636 2335 2721 irrationalem;
2383 2637 2698 2701 rationale
2729 2655 2884 2701 vero

576 2736 698 2801 erit
752 2742 1037 2820 systema
1096 2738 1259 2802 inter
1316 2736 1641 2803 lichanum
1687 2758 1910 2804 meson
1963 2739 2401 2806 irrationalem
2447 2746 2510 2803 et
2552 2737 2885 2803 lichanum

573 2835 864 2918 hypaton
894 2838 1348 2904 irrationalem.
1439 2839 1766 2906 Discimus
1809 2847 2022 2906 autem
2072 2860 2154 2907 ex
2187 2840 2309 2912 hoc
2350 2842 2496 2908 loco
2529 2845 2886 2924 systemata

575 2937 972 3003 irrationalia
1015 2960 1142 3004 non
1201 2960 1280 3005 ea
1325 2940 1474 3023 dici,
1521 2961 1689 3025 quae
1734 2944 2075 3009 intervalla
2119 2944 2515 3009 irrationalia
2558 2944 2880 3026 complec-

573 3044 785 3104 tantur
831 3042 937 3106 vel
981 3060 1064 3106 ex
1110 3042 1204 3109 eis
1250 3045 1608 3128 composita
1650 3046 1794 3126 sint,
1843 3046 1958 3111 sed
2004 3066 2271 3129 quorum
2317 3047 2688 3113 universum
2737 3066 2882 3128 spa-

745 3300 794 3360 1)
829 3295 966 3348 Item
1002 3291 1223 3352 πυκνὸν
1260 3296 1426 3351 latius
1461 3303 1641 3367 patet,
1680 3314 1842 3368 quam
1877 3302 2033 3367 vulgo
2068 3304 2307 3369 putatur.
2378 3299 2519 3355 Nam
2554 3317 2769 3358 summa
2799 3306 2883 3357 est

572 3395 682 3434 non
704 3381 862 3435 modo
886 3380 1291 3436 intervallorum
1325 3383 1467 3438 inter
1500 3385 1740 3453 hypaten
1765 3391 1819 3439 et
1842 3386 2112 3440 lichanum
2135 3386 2191 3439 in
2215 3386 2497 3441 harmonia
2521 3389 2577 3440 et
2602 3388 2881 3443 chromate

569 3464 898 3533 positorum,
936 3465 1031 3518 sed
1067 3470 1284 3521 omnino
1321 3468 1551 3523 duorum
1586 3470 1953 3537 quorumlibet
1988 3470 2393 3536 continuorum,
2441 3473 2487 3527 si
2519 3472 2683 3528 modo
2720 3474 2878 3528 tertio

569 3548 809 3603 eiusdem
856 3550 1184 3606 tetrachordi
1230 3553 1513 3608 intervallo
1555 3555 1732 3610 minor
1778 3561 1874 3609 est.
1946 3554 2102 3623 Quod
2149 3555 2354 3610 accidit
2396 3557 2453 3610 in
2500 3557 2788 3614 harmonia
2822 3563 2879 3613 et

570 3633 849 3688 chromate
884 3634 1122 3699 (excluso
1158 3638 1424 3707 toniaeo);
1472 3641 1625 3707 atqui
1661 3642 1728 3695 de
1763 3641 1839 3695 eis
1876 3641 2005 3695 solis
2040 3642 2325 3709 generibus
2362 3641 2602 3711 loquitur
2639 3644 2879 3699 musicus

567 3735 621 3787 p.
649 3722 733 3786 90,
760 3722 824 3773 23
845 3719 1013 3788 qu.,
1049 3736 1172 3774 cum
1207 3721 1364 3777 dicit:
1404 3722 1460 3780 οἳ
1484 3724 1543 3782 δὲ
1564 3719 1674 3782 τὸν
1698 3722 1876 3782 τόνον
1907 3727 2045 3790 (scil.
2072 3723 2476 3797 διαζευκτικὸν)
2511 3729 2882 3802 περιέχοντες

569 3798 864 3874 (φθόγγοι)
901 3798 1234 3877 ἀμφότεροί
1268 3808 1376 3864 εἰσι
1411 3815 1630 3867 πυκνοῦ
1662 3807 2000 3885 βαρύτατοι,
2037 3812 2127 3865 cui
2158 3812 2598 3882 interpretando,
2636 3831 2759 3870 cum
2796 3822 2876 3869 te-

566 3888 920 3943 trachordum
945 3905 1066 3944 cum
1092 3892 1429 3948 diatessaron
1455 3896 1826 3961 confunderet,
1850 3897 2110 3964 imparem
2135 3911 2196 3952 se
2217 3899 2470 3966 praebuit
2493 3899 2877 3969 Marquardius

566 3978 679 4042 (pp.
707 3977 824 4029 348.
865 3979 999 4041 350).
1071 3976 1212 4030 Nam
1246 3979 1586 4035 intervallum
1621 3983 1762 4035 inter
1794 3997 1979 4036 mesen
2004 3986 2060 4036 et
2080 3982 2356 4038 lichanum
2391 3985 2564 4039 maius
2595 3993 2682 4040 est
2705 3988 2876 4041 inter-

563 4059 706 4115 vallo
741 4060 884 4114 inter
916 4076 1100 4116 mesen
1135 4065 1189 4115 et
1222 4063 1386 4118 triten
1421 4068 1682 4135 (2>1÷
1708 4066 1794 4136 114,
1847 4066 2057 4136 1⁵le>l
2082 4070 2148 4137 —l-
2173 4067 2260 4138 ¹l3‚
2315 4069 2734 4141 1³l⁴>14⁸ls,
2781 4073 2880 4127 sed

570 4145 664 4215 1¹l2
685 4170 751 4189 -—·=
775 4151 795 4199 1
822 4147 888 4214 -4-
912 4145 1008 4215 1[2).
