3177 4960
587 318 709 376 228
1542 316 1702 384 Hugo
1737 315 1772 370 J
1775 320 1928 371 usatz

586 493 803 575 quitur
846 491 1405 558 irrationalitatem
1448 510 1576 556 non
1621 496 1753 555 tam
1782 489 2071 573 angustis
2116 487 2351 554 finibus
2393 488 2477 553 ab
2518 505 2597 554 eo
2631 487 2897 554 circum-

584 594 891 679 scriptam
924 613 1086 676 esse‚
1119 597 1188 658 ut
1219 593 1409 660 certis
1441 589 1828 675 quibusdam
1849 591 2205 676 paucisque
2236 589 2666 656 divisionibus
2697 586 2897 667 (διαι-

585 697 835 779 ρέσεσι)
875 694 1306 762 adscribenda
1334 696 1436 777 sit,
1481 693 1718 760 nedum
1751 700 1822 760 ut
1848 694 1975 760 nisi
2018 694 2084 759 in
2116 691 2533 759 duodecimas
2562 693 2896 776 regionum

583 803 800 882 partes
858 817 983 863 non
1042 797 1249 864 cadat.
1339 796 1809 863 Duodecimum
1866 797 2061 880 igitur
2117 800 2372 879 partem
2415 794 2717 878 protulit,
2770 815 2895 861 non

583 907 654 967 ut
685 906 926 967 certam
970 898 1408 984 παραλλαγῆς
1437 919 1800 992 mensuram
1832 898 2075 981 ederet,
2122 897 2241 965 sed
2271 904 2341 963 ut
2372 898 2741 982 exemplum
2771 918 2896 964 non

584 1009 716 1069 tam
772 1002 1034 1070 auribus
1092 1022 1285 1087 quam
1329 1003 1526 1068 menti
1585 1002 1995 1068 manifestum
2042 1006 2367 1068 statueret.
2458 997 2650 1078 Quod
2695 1001 2897 1066 voluit

583 1106 886 1188 musicae,
932 1124 1075 1172 cum
1122 1105 1395 1172 diceret:
1451 1100 1526 1167 τὸ
1580 1100 1653 1168 δὲ
1697 1099 1866 1167 κατὰ
1924 1098 2080 1177 τοὺς
2123 1102 2258 1166 τῶν
2304 1093 2619 1184 ἆριθμιῦν
2666 1099 2897 1186 λόγους

585 1203 1090 1290 λαμβανόμενον
1121 1203 1322 1293 ῥητὸν
1351 1202 1658 1270 τοιοῦτόν
1703 1230 1772 1270 τι
1802 1202 1905 1269 δεῖ
1936 1215 2130 1283 νοεῖν,
2176 1201 2318 1269 οἷον
2350 1200 2418 1268 ἓν
2448 1216 2593 1280 τοῖς
2624 1203 2895 1291 διαστη-

581 1319 888 1391 ματικοῖς
931 1307 1006 1373 τὸ
1043 1304 1622 1394 δωδεκατημόριον
1655 1308 1772 1371 τοῦ
1801 1304 1997 1372 τόνου
2030 1308 2141 1371 καὶ
2176 1304 2253 1371 εἴ
2281 1330 2361 1371 τι
2389 1307 2698 1372 τοιοῦτον
2730 1301 2891 1373 ἄλλο

585 1407 652 1476 ἐν
696 1421 847 1485 ταῖς
887 1411 1021 1475 τῶν
1067 1406 1537 1496 διαστημάτων
1582 1409 2051 1493 παραλλαγαῖς
2097 1406 2640 1492 λαμβάνεται.
2731 1411 2894 1477 Nam

585 1510 651 1578 εἴ
692 1537 761 1577 τι
802 1533 930 1580 non
975 1514 1507 1581 condicionaliter
1551 1511 1796 1580 dictum
1842 1531 1984 1579 esse
2045 1515 2154 1588 (=
2184 1513 2240 1579 si
2272 1511 2485 1595 quid),
2550 1512 2670 1579 sed
2726 1512 2894 1580 idem

583 1616 707 1683 sibi
753 1616 922 1683 velle
960 1615 1134 1700 quod
1166 1605 1206 1679 δ’
1237 1639 1304 1681 τι
1347 1614 1843 1703 (quodcunque),
1887 1620 2156 1682 testatur
2200 1614 2433 1681 similis
2462 1616 2644 1682 locus
2673 1614 2894 1700 rhyth-

582 1720 789 1785 micae
819 1739 882 1802 p.
917 1720 1039 1782 278
1085 1718 1191 1784 fin.
1225 1719 1383 1784 Mor.
1413 1746 1499 1769 =
1530 1721 1633 1802 31,
1668 1721 1706 1782 3
1738 1717 1870 1783 W.:
1915 1710 1953 1800 ἡ
1995 1715 2066 1781 δὲ
2097 1720 2354 1803 κίνησις
2391 1713 2755 1803 (διαιρήσει
2781 1715 2896 1782 τὸν

577 1817 839 1901 χρόνον)
885 1824 1187 1907 σημείοις
1217 1844 1289 1884 τε
1318 1822 1429 1886 καὶ
1468 1817 1761 1901 σχήμασι
1804 1820 1912 1884 καὶ
1949 1817 2027 1883 εἴ
2053 1842 2134 1884 τι
2176 1816 2482 1884 τοιοῦτόν
2529 1815 2675 1884 ἐστι
2718 1818 2896 1905 κινή-

585 1943 754 1998 σεως
811 1915 1032 2007 μέρος.
1121 1924 1405 1990 Verbum
1459 1929 1675 1990 autem
1722 1920 2117 2007 λαμβάνειν,
2178 1924 2429 2006 quoties
2482 1922 2566 1990 de
2608 1925 2897 1992 subiecto

582 2026 906 2109 personali
940 2025 1193 2108 dicitur,
1237 2024 1487 2092 duabus
1528 2026 1811 2093 maxime
1854 2026 2219 2093 notionibus
2260 2032 2599 2110 usurpatur
2643 2027 2728 2092 ab
2758 2026 2899 2092 Ari-

584 2133 872 2193 stoxeno.
964 2127 1350 2210 Plerumque
1407 2132 1556 2212 apte
1605 2128 2133 2212 interpretaberis
2189 2129 2390 2194 verbo
2435 2133 2720 2196 statuere
2764 2131 2897 2206 (an-

585 2227 910 2312 nehmen)‚
943 2230 1048 2296 cui
1079 2227 1465 2296 documenta
1495 2250 1532 2296 e
1557 2228 1855 2297 doctrina
1884 2229 2260 2297 harmonica
2290 2231 2496 2314 petita
2524 2237 2672 2297 sunt
2707 2230 2896 2298 haec:

581 2352 691 2416 pp.
726 2334 830 2415 46,
865 2334 940 2398 31
979 2338 1043 2398 et
1084 2335 1186 2415 62,
1220 2334 1302 2396 24
1332 2332 1541 2416 qu.:
1586 2330 1992 2418 πειρώμεθα
2040 2323 2245 2417 ἆρχὰς
2290 2331 2536 2415 λαβεῖν,
2580 2332 2900 2417 principia

583 2439 900 2519 statuere;
942 2456 1006 2520 p.
1040 2437 1143 2519 20,
1176 2440 1245 2503 9:
1293 2426 1406 2500 ἐπ’
1447 2426 1800 2521 ἀμφότερα
1845 2431 1967 2515 (εἰς
2011 2431 2085 2499 τὸ
2125 2430 2471 2516 ἐλάχιστον
2516 2435 2629 2501 καὶ
2678 2433 2775 2512 εἰς
2817 2432 2891 2501 τὸ

579 2534 917 2622 μέγιστον)
962 2537 1066 2604 δεῖ
1107 2531 1355 2604 ταύτὸν
1401 2536 1767 2622 λαμβάνειν
1810 2540 2026 2623 πέρας
2072 2539 2189 2622 τῆς
2221 2535 2640 2615 διαστάσεως
2686 2537 2784 2615 εἷς
2827 2561 2900 2603 τε

578 2635 698 2726 τὴν
752 2638 982 2729 φωνὴν
1038 2643 1148 2708 καὶ
1207 2639 1304 2717 εἰς
1359 2638 1477 2727 τὴν
1537 2632 1740 2726 ἆκοὴν
1796 2640 2173 2724 βλέποντας
2229 2669 2316 2692 =
2365 2642 2779 2708 intervallum
2838 2649 2900 2710 et

581 2745 935 2809 maximum
980 2749 1045 2809 et
1089 2745 1442 2826 minimum,
1491 2744 1665 2827 quod
1697 2763 1826 2809 vox
1872 2748 2129 2810 cantare
2174 2744 2351 2810 valet
2381 2742 2671 2810 eiusdem
2706 2746 2900 2830 spatii

583 2866 726 2913 esse
772 2844 1182 2912 statuendum
1232 2851 1356 2929 est,
1401 2867 1480 2912 ac
1525 2846 1700 2929 quod
1745 2865 1934 2912 aures
1976 2846 2312 2930 percipere
2354 2853 2655 2931 possunt;
2699 2868 2763 2931 p.
2797 2851 2896 2930 66,

583 2950 696 3012 20:
746 2943 899 3011 ἐπεὶ
945 2939 1008 3010 δ’
1063 2937 1420 3031 ἀναγκαῖον
1464 2944 1582 3012 τὸν
1626 2946 2017 3029 κινούμενον
2063 2946 2369 3033 φθόγγον
2416 2944 2484 3012 ἐν
2528 2945 2724 3032 τόπῳ
2766 2950 2897 3013 τινὶ

581 3052 946 3126 κινεῖσθαι,
995 3048 1285 3136 ληπτέος
1316 3037 1395 3114 ἂν
1429 3048 1530 3136 εἴη
1562 3048 1778 3126 τόπος
1810 3044 2178 3135 ὡρισμένος
2215 3047 2526 3135 ἑκατέρου
2557 3052 2690 3115 τῶν
2722 3048 2896 3137 εἰρη-

579 3154 797 3235 μένων
831 3149 1135 3239 φθόγγον
1182 3181 1267 3204 =
1311 3152 1491 3237 regio
1538 3151 1806 3219 definita
1850 3153 1973 3219 erit
2014 3152 2388 3235 statuenda3
2431 3173 2495 3236 p.
2529 3155 2632 3237 66,
2672 3157 2781 3219 17:
2828 3150 2895 3217 αἱ

581 3256 716 3320 τῶν
760 3256 968 3339 γενιῦν
1016 3252 1345 3341 διαφοραὶ
1392 3252 1848 3336 λαμβάνονται
1894 3251 1960 3319 ἐν
1995 3250 2435 3340 τετραχόρδῳ.
2497 3253 2892 3323 Commemo-

581 3366 723 3424 rata
753 3365 900 3425 sunt
929 3360 1058 3424 iam
1099 3379 1294 3443 supra
1338 3362 1424 3443 (p.
1458 3359 1607 3435 207)
1655 3377 1869 3442 pycna
1899 3364 1963 3423 et
1991 3378 2247 3442 apycna
2276 3377 2393 3424 sex
2424 3354 2893 3439 λαμβάνεσθαι

586 3456 760 3541 πρὸς
802 3461 902 3542 τῷ
930 3463 1274 3546 βαρυτέρῳ
1322 3461 1456 3525 τῶν
1484 3455 1843 3542 μενόντων,
1889 3460 2085 3526 statui
2131 3460 2313 3526 iuxta
2343 3459 2649 3543 hypaten.
2740 3461 2894 3527 Item

581 3562 648 3627 in
680 3560 1087 3647 rhythmicae
1135 3563 1348 3646 capite
1376 3569 1629 3630 nostro:
1677 3559 1737 3625 εἰ
1769 3560 2197 3648 ληφθείησαν
2238 3558 2355 3625 δύο
2386 3558 2633 3642 πόδες,·
2678 3566 2893 3647 τρίτος

583 3686 687 3738 τις
735 3663 1033 3750 ληφθείῃ
1082 3662 1255 3740 πούς
1301 3661 1490 3751 παρὰ
1538 3661 1832 3743 τούτους,
1881 3665 2106 3730 tertius
2136 3670 2451 3731 statuatur
2493 3683 2611 3747 pes
2643 3671 2893 3749 praeter

585 3785 715 3849 eos,
749 3766 858 3849 qui
888 3773 1081 3833 antea
1111 3768 1329 3832 statuti
1360 3774 1540 3850 sunt;
1585 3760 1625 3854 ἡ
1651 3768 1820 3851 μέση
1856 3766 2203 3852 ληφθεῖσα
2237 3767 2373 3831 τῶν
2406 3758 2685 3849 ἅρσεων,
2717 3767 2888 3849 arsiS,

584 3887 776 3951 quam
799 3869 966 3934 inter
992 3868 1151 3935 duas
1182 3888 1359 3936 arses
1389 3871 1737 3936 rationales
1769 3868 2048 3934 mediam
2079 3870 2435 3935 statuimus.
2489 3868 2562 3935 P.
2589 3870 2715 3936 302
2740 3869 2886 3935 Mor.

582 3999 666 4021 =
698 3972 799 4053 36,
831 3973 912 4034 20
946 3971 1075 4037 W.:
1124 3967 1190 4035 ἐν
1222 3981 1363 4046 τοῖς
1400 3972 1673 4052 τέτρασι
1718 3968 1837 4035 δύο
1883 3967 2341 4066 λαμβάνονται
2386 3967 2595 4054 λόγοι,
2643 3991 2772 4037 non
2800 3971 2886 4034 in-

581 4073 941 4156 veniuntur,
988 4074 1153 4139 alter
1185 4073 1355 4139 enim
1385 4092 1645 4157 prorsus
1678 4074 1974 4139 exclusus
2008 4081 2123 4156 est,
2170 4074 2361 4138 immo
2394 4078 2785 4156 statuuntur3
2828 4072 2887 4135 in
