3177 4960
564 334 683 392 188
1527 334 1683 404 Hugo
1719 334 1755 389 J
1757 339 1911 390 usatz

560 507 875 593 cipiendis
922 508 1274 574 cautissimi
1318 528 1396 574 ac
1441 508 1951 592 diligentissimi,
1998 527 2126 573 non
2170 508 2368 574 fuisse
2413 510 2607 575 credo
2653 511 2865 593 legem

562 611 858 677 universe
889 611 1164 694 edicere,
1211 630 1354 676 cum
1384 611 1616 676 violari
1655 630 1796 676 eam
1844 618 1911 676 et
1953 610 2080 693 ipsi
2124 610 2340 679 statim
2386 611 2867 679 concedendum

563 714 647 779 sit
689 720 755 780 et
799 712 1236 797 Westphalius
1280 712 1446 791 (Rh.³
1490 734 1553 798 p.
1587 717 1691 779 63.
1740 715 1886 790 287)
1931 714 2172 796 aliique
2218 715 2667 780 concesserint.

731 816 931 881 Porro
976 816 1042 881 in
1067 816 1284 883 verbis
1328 817 1459 883 illis
1489 817 1763 883 mutilis:
1811 813 2005 900 λόγον
2048 817 2279 897 μέντοι
2323 822 2389 883 et
2432 836 2537 899 qu.
2562 837 2697 900 seq.
2741 838 2867 884 non

560 917 713 984 licet
768 918 1112 984 subaudire
1168 920 1551 998 κατέχουσιν
1582 916 1671 982 ,αἱ
1716 918 2064 1000 συλλαβαί.
2152 919 2321 984 Nam
2378 918 2434 985 si
2492 919 2693 985 verba
2734 921 2868 984 τῶν

562 1021 866 1104 μεγεθῶν
897 1020 984 1087 ad
1029 1017 1227 1106 λόγον
1255 1022 1629 1087 attributive
1659 1021 1885 1086 addita
1928 1028 2162 1104 essent,
2207 1040 2327 1087 nec
2371 1026 2615 1086 tantum
2660 1022 2742 1088 ab
2789 1043 2868 1089 eo

563 1123 803 1189 distare
849 1128 915 1189 et
958 1124 1227 1190 articulo
1274 1119 1391 1189 τὸν
1448 1123 1745 1209 praedita
1788 1143 1929 1190 esse
1974 1142 2405 1208 posceremus.
2497 1122 2677 1201 Quae
2722 1145 2867 1191 cum

562 1226 658 1290 ita
712 1227 866 1308 sint,
924 1232 991 1292 et
1038 1225 1125 1292 ad
1168 1245 1424 1292 sensum
1473 1231 1536 1292 et
1579 1226 1665 1292 ad
1708 1226 2048 1293 verborum
2096 1226 2623 1308 compositionem
2667 1228 2869 1292 multo

562 1328 775 1411 aptius
828 1329 982 1410 erit,
1039 1330 1094 1394 si
1149 1348 1275 1395 non
1333 1348 1415 1394 ex
1460 1326 1893 1405 Quinctiliano
1950 1329 2069 1406 (IX
2115 1332 2186 1412 4,
2247 1328 2351 1404 45)
2398 1329 2602 1412 petita
2644 1329 2756 1393 καὶ
2802 1327 2870 1392 οἱ

564 1427 805 1505 παῖδες
835 1428 1028 1494 ἰ’σασι
1068 1433 1134 1495 in
1163 1430 1289 1497 fine
1319 1430 1619 1497 addimus
1651 1430 2120 1516 Westpbalium
2149 1430 2322 1506 (ΒΜ
2349 1451 2412 1514 p.
2446 1433 2554 1506 62)
2601 1451 2869 1515 sequen-

562 1538 679 1616 tes,
724 1533 840 1599 sed
873 1533 1007 1596 τῶν
1050 1534 1359 1618 μεγεθῶν
1402 1532 1842 1617 praedicative
1887 1532 2125 1599 dictum
2175 1552 2319 1600 esse
2362 1533 2485 1598 rati
2531 1533 2870 1600 inserimus

561 1640 710 1718 post
736 1634 807 1700 id
849 1635 1061 1720 ipsum
1089 1636 1230 1703 sive
1260 1656 1296 1702 e
1326 1637 1524 1703 Pselli
1557 1636 1897 1702 sententia:
1945 1630 2118 1701 εἶναι
2165 1634 2230 1700 οἱ
2273 1635 2561 1700 παλαιοὶ
2607 1633 2869 1721 ἔφασαν

563 1736 887 1824 ῥυθμικοὶ
931 1739 1071 1805 sive
1104 1757 1141 1804 e
1185 1758 1375 1805 sensu
1405 1739 1808 1805 Aristoxeni:
1856 1731 2029 1803 εἶναι
2074 1737 2140 1802 οἱ
2171 1734 2303 1822 πρὸ
2352 1731 2541 1824 ἡμῶν
2587 1735 2867 1824 ἔφασαν.

562 1840 830 1906 Delebis
875 1841 1068 1924 igitur
1109 1839 1231 1921 μὲν
1274 1840 1436 1906 illud
1480 1846 1629 1923 post
1670 1838 1922 1927 μεγέθη
1969 1842 2033 1905 in
2068 1841 2488 1908 antecedente
2532 1842 2867 1922 sententia,

561 1942 687 2007 nisi
745 1942 907 2008 forte
953 1961 1098 2008 eam
1155 1962 1412 2026 quoque
1456 1963 1581 2008 non
1634 1950 1765 2008 tam
1811 1944 2195 2010 Aristoxeno
2239 1963 2432 2026 quam
2475 1942 2868 2010 adversariis

564 2044 695 2111 illis
740 2043 1062 2125 tribues.¹)

737 2232 786 2293 1)
821 2227 953 2282 Ern.
984 2227 1198 2283 Grafius
1223 2229 1280 2282 in
1303 2227 1486 2282 libello
1510 2242 1689 2296 nuper
1714 2227 1877 2292 edito,
1914 2228 2007 2297 qui
2031 2228 2345 2283 inscribitur
2382 2228 2717 2299 „Rhythmus
2753 2230 2872 2283 und

561 2313 814 2368 Mettum.
884 2314 996 2368 Zur
1030 2313 1412 2385 Synonymik.“
1447 2312 1711 2382 Marburg
1749 2316 1905 2381 1891,
1943 2329 2011 2368 ex
2045 2314 2230 2370 eodem
2263 2313 2431 2368 Pselli
2462 2314 2614 2381 loco,
2658 2314 2724 2369 de
2758 2331 2872 2383 quo

562 2401 731 2454 locuti
767 2416 953 2455 sumus
968 2440 982 2465 ,
1030 2399 1209 2455 effecit
1244 2403 1318 2469 (p.
1346 2404 1432 2466 38)
1466 2400 1878 2465 Aristoxenum,
1927 2398 2073 2469 quod
2107 2399 2314 2454 diceret
2356 2398 2573 2472 μεγέθη
2614 2400 2719 2468 μὲν
2751 2396 2874 2473 γὰρ

559 2492 709 2554 κτλ.,
743 2487 975 2557 primum
1009 2487 1283 2553 docuisse,
1321 2486 1556 2557 syllabas
1593 2485 1735 2540 inter
1769 2502 1829 2542 se
1863 2502 1974 2541 non
2009 2501 2128 2541 esse
2163 2501 2393 2554 aequae,
2443 2501 2569 2540 nam
2603 2500 2721 2540 esse
2757 2486 2873 2542 duo

560 2588 759 2641 genera
794 2604 858 2615 -
894 2574 1146 2629 nimirum
1181 2572 1418 2628 exclusis
1452 2572 1857 2628 irrationalibus
1893 2577 1949 2626 et
1984 2571 2183 2626 disemo
2227 2572 2403 2640 spatio
2452 2572 2747 2627 maioribus
2784 2602 2873 2637 —,

561 2661 750 2729 longas
786 2665 841 2714 et
874 2659 1062 2714 breves
1076 2699 1091 2725 ,
1140 2673 1276 2727 quas
1310 2661 1491 2713 tamen
1529 2659 1718 2713 eadem
1766 2672 1977 2726 semper
2022 2650 2371 2726 proportione
2403 2658 2546 2712 inter
2580 2672 2640 2712 se
2675 2659 2873 2714 teneri.

562 2745 718 2812 Quod
763 2759 878 2798 rem
923 2748 1035 2799 tam
1079 2744 1402 2798 cotidianam
1449 2760 1514 2799 ac
1558 2745 1745 2798 tritam
1789 2742 2147 2797 Aristoxenus
2197 2743 2443 2797 elocutus
2489 2743 2585 2808 sit,
2640 2749 2877 2799 excusat

566 2829 782 2902 Gratius
817 2830 897 2884 rei
931 2830 1187 2897 novitate,
1223 2845 1361 2899 quae
1397 2834 1512 2884 tum
1545 2830 1727 2885 fuerit.
1800 2829 1967 2897 Quasi
2000 2843 2125 2883 vero
2161 2829 2413 2897 aequales
2445 2829 2514 2883 ab
2540 2829 2873 2884 Aristoxeno

562 2914 617 2967 id
652 2913 869 2969 edoceri
905 2914 1206 2981 debuerint,
1246 2916 1389 2983 quod
1423 2915 1520 2967 illa
1555 2919 1736 2969 aetate
1772 2929 1874 2969 nec
1911 2929 2108 2969 novum
2146 2919 2266 2967 erat
2297 2918 2354 2967 et
2389 2916 2536 2967 recte
2570 2928 2630 2968 se
2665 2914 2875 2969 habere

563 2998 779 3067 negavit
801 2998 1178 3055 Aristoxenus.
1214 3031 1283 3040 —
1317 3001 1466 3055 Idem
1505 2999 1722 3056 Grafius
1757 3002 1831 3069 (p.
1858 3003 1944 3064 24)
1980 2998 2273 3065 contendit,
2308 2998 2571 3053 musicam
2602 3003 2657 3052 et
2679 2997 2873 3068 rhyth-

564 3086 757 3139 micam
790 3085 868 3139 ita
901 3084 1197 3141 abhorrere
1221 3102 1255 3141 a
1278 3101 1445 3154 prosa
1481 3086 1726 3141 oratione
1761 3084 1923 3157 (πεζὴ
1959 3083 2103 3150 λέξις
2135 3083 2359 3154 Dionys.
2397 3098 2443 3140 c.
2474 3087 2575 3151 11),
2609 3088 2671 3137 ut
2705 3084 2873 3153 sylla-

562 3173 753 3225 barum
789 3170 1167 3239 communium,
1201 3185 1341 3239 quae
1375 3170 1643 3238 dicuntur,
1679 3171 1806 3226 illae
1840 3170 2102 3225 rationem
2138 3169 2391 3236 habeant,
2427 3169 2562 3224 haec
2587 3185 2695 3224 non
2718 3169 2871 3225 item.

563 3257 706 3312 Sane
740 3256 953 3325 quidem
967 3299 982 3325 ,
1027 3260 1087 3311 at
1120 3257 1213 3327 qui
1247 3257 1399 3312 locos
1432 3256 1554 3312 illos
1592 3272 1759 3325 supra
1793 3256 1987 3311 allatos
2022 3255 2183 3310 huius
2219 3256 2298 3310 rei
2332 3257 2499 3309 testes
2533 3254 2729 3309 afferre
2764 3271 2874 3323 po-

562 3342 743 3407 tuerit,
778 3359 890 3397 non
925 3343 1195 3411 intellego.
1265 3342 1405 3397 Nam
1427 3343 1485 3413 in
1518 3341 1749 3412 pristino
1783 3343 2026 3396 locorum
2059 3342 2272 3395 illorum
2309 3340 2551 3409 exemplo
2587 3341 2874 3409 oppositas

561 3425 732 3481 fuisse
767 3426 910 3481 inter
945 3442 1005 3481 se
1039 3443 1149 3481 non
1181 3429 1486 3497 pedestrem
1522 3441 1821 3482 sermonem
1844 3431 1900 3479 et
1932 3430 2214 3495 poetarum
2248 3440 2423 3492 usum,
2457 3440 2640 3479 verum
2675 3425 2873 3494 rhyth-

564 3512 823 3567 micorum
859 3515 916 3567 et
961 3513 1306 3568 metricorum
1342 3514 1407 3567 de
1442 3514 1645 3568 eisdem
1690 3511 1867 3567 verbis
1915 3511 2246 3581 quibuslibet
2290 3509 2517 3580 poeticis
2564 3509 2763 3564 iudicia
2798 3525 2874 3566 ac

563 3598 800 3652 rationes
815 3639 829 3663 ,
873 3597 1070 3653 docent
1115 3614 1297 3653 omnes
1341 3603 1561 3667 praeter
1595 3596 1916 3667 Dionysium
1961 3597 2097 3665 loci,
2142 3611 2278 3665 quos
2325 3610 2518 3664 pamm
2554 3595 2760 3649 curavit
2795 3595 2867 3649 G.

562 3684 736 3738 Prosa
769 3690 950 3738 autem
987 3684 1159 3739 oratio
1185 3698 1218 3738 a
1242 3681 1503 3754 Dionysio
1538 3683 1764 3738 inducta
1797 3690 1882 3739 est
1914 3682 2171 3737 metricae
2193 3680 2328 3735 artis
2350 3680 2490 3743 loco,
2527 3684 2588 3734 ut
2610 3680 2872 3734 metricae
2934 3698 2940 3707 ·

564 3769 630 3823 de
655 3769 904 3826 universa
935 3769 1261 3839 syllabarum
1296 3784 1546 3824 mensura
1579 3771 1872 3838 praecepta
1894 3769 1964 3822 ad
1988 3767 2312 3822 rhetoricam
2348 3779 2561 3834 quoque
2595 3764 2873 3834 pertinere

563 3855 976 3911 ostenderentur
1011 3859 1067 3911 et
1100 3854 1173 3910 ad
1207 3860 1483 3911 oratorum
1518 3870 1677 3910 usum
1713 3853 2103 3909 conferrentur.
