3177 4960
581 362 705 421 204
1544 357 1703 427 Hugo
1738 357 1774 412 J
1775 362 1929 413 usatz

580 536 739 617 περὶ
792 536 911 620 τῆς
955 532 1288 618 διαφορᾶς
1342 532 1474 597 τῶν
1509 522 2114 613 Ἀριστοξεκε>ίων
2171 528 2283 593 καὶ
2329 524 2888 612 Πυθαγορ<ε>ίων

578 635 754 720 apud
797 635 1113 720 Porphyr.
1146 655 1209 718 p.
1244 637 1366 698 207
1398 652 1539 717 sqq.
1584 633 1816 700 Wallis
1860 639 1926 699 et
1969 632 2241 697 Ptolem.
2274 631 2306 695 1
2336 633 2375 695 9
2404 651 2469 715 p.
2503 631 2633 707 20).
2721 630 2887 696 Nam

579 739 925 804 intervalla
953 736 1383 823 Pythagoreis
1428 742 1574 803 sunt
1619 726 1968 816 ἀσώματα,
2013 734 2459 800 Aristoxeneis
2503 741 2719 799 autem
2766 728 2887 796 σώ-

580 863 763 922 ματα
807 839 1021 918 (Ptol.)
1080 845 1143 906 et
1201 837 1410 903 τόποι
1451 837 1559 916 (el.
1597 837 1799 904 harm.
1831 857 1893 921 p.
1929 838 2032 920 20,
2066 837 2146 900 28
2176 835 2399 920 qu.),
2454 854 2572 919 per
2616 854 2777 919 quos
2822 833 2891 898 fit

581 937 622 1026 ἡ
651 928 893 1026 τοπικὴ
927 943 1044 1025 τῆς
1076 942 1307 1028 φωνῆς
1349 943 1623 1026 κίνησις,
1670 941 1765 1006 ita
1790 945 1862 1004 ut
1889 941 2178 1023 μέγεθος
2222 937 2523 1015 habeant,
2568 957 2712 1005 eum
2744 956 2887 1003 oon·

581 1050 681 1110 tra
723 1043 1118 1127 Pythagorei
1161 1044 1404 1126 aliique
1449 1043 1676 1110 musici
1720 1042 1998 1125 spatium
2046 1037 2353 1119 (πλάτος)
2405 1038 2733 1124 quoddam
2776 1036 2889 1105 ad-

581 1147 915 1230 scripsisse
958 1146 1329 1213 videantur·
1358 1147 1532 1213 sonis
1588 1145 1696 1222 (el.
1729 1143 1931 1210 harm.
1961 1164 2025 1228 p.
2060 1147 2119 1227 6,
2146 1145 2227 1206 22
2257 1141 2455 1225 qu.,
2500 1142 2578 1209 ef.
2626 1141 2891 1208 editoris

581 1248 799 1315 adnot.
829 1269 893 1333 p.
927 1250 1096 1324 201).
1154 1248 1505 1314 Intervalla
1547 1247 1743 1330 igitur
1786 1252 1933 1313 sunt
1959 1245 2402 1311 Aristoxeneis
2440 1245 2638 1311 instar
2687 1243 2889 1327 longi·

582 1350 894 1435 tudinum,
939 1350 1264 1417 eanonieis
1296 1370 1450 1416 vero
1480 1368 1887 1415 numerorum
1920 1348 2309 1424 discrimina,
2355 1367 2520 1430 quae
2555 1353 2667 1412 aut
2707 1365 2889 1412 revo-

583 1453 717 1519 eari
770 1460 1040 1538 possunt
1082 1453 1166 1519 ad
1213 1453 1494 1520 ealeulos
1541 1449 1779 1535 (λόγοι)
1822 1458 1935 1517 aut
1988 1471 2117 1517 non
2174 1455 2442 1535 possunt
2492 1451 2821 1530 (σχέσεις).
2849 1451 2890 1526 ¹)

585 1553 768 1634 Quae
815 1575 960 1622 eum
1003 1557 1096 1621 ita
1138 1557 1297 1632 sint,
1342 1575 1469 1622 non
1516 1561 1615 1621 est
1670 1554 1968 1637 dubium,
2029 1554 2183 1636 quin
2232 1553 2622 1636 posteriores
2668 1551 2891 1619 defini·

584 1658 790 1724 tiones
847 1658 975 1725 sint
1040 1660 1492 1725 canonicorum
1513 1709 1530 1740 ,
1588 1658 1841 1741 priores
1897 1662 2110 1722 autem
2168 1655 2559 1722 Aristoxeni.
2649 1656 2705 1718 A
2764 1673 2891 1738 quo

583 1760 928 1826 intervalla
955 1759 1131 1827 dieta
1160 1767 1307 1828 sunt
1336 1756 1526 1845 ῥητὰ,
1559 1778 1832 1843 quorum
1863 1760 2073 1843 spatia
2103 1759 2404 1843 (μεγέθη)
2425 1758 2678 1841 possint
2704 1756 2893 1823 reddi

582 1852 1123 1941 (ἀποδίδοσθαι).
1213 1859 1385 1938 Quid
1435 1867 1650 1928 autem
1698 1861 1872 1928 dieat
1916 1852 2341 1939 ἀποδιδόναι,
2388 1861 2707 1944 exemplis
2752 1860 2895 1925 illu-

585 1968 818 2029 stretur
862 1982 898 2028 e
944 1962 1238 2028 doctrina
1268 1962 1642 2029 harmonica
1685 1962 2061 2046 desumptis.
2149 1962 2316 2029 Nam
2350 1965 2429 2029 el.
2464 1962 2664 2029 barm.
2702 1984 2765 2047 p.
2793 1966 2898 2041 53,

587 2067 667 2129 33
698 2063 874 2147 qu.
921 2063 1079 2130 dicit
1107 2060 1225 2128 τὸν
1258 2056 1556 2148 ἀριθμὸν
1591 2056 1809 2129 αὐτῶν
1849 2052 2008 2142 (τῶν
2037 2062 2273 2143 τόνων)
2307 2063 2685 2133 ἀποδοτέον
2729 2061 2893 2143 ἐστὶ,

586 2167 821 2232 seimus
840 2172 1054 2232 autem
1080 2166 1389 2233 tredecim
1420 2173 1606 2234 tonos
1639 2186 1783 2234 esse
1811 2168 2056 2252 positos
2086 2169 2170 2232 ab
2192 2168 2579 2235 Aristoxeno
2605 2166 2892 2245 (Aristid.

586 2288 649 2351 p.
684 2270 766 2331 22
798 2275 960 2334 extr.
992 2270 1141 2346 Mb.,
1185 2269 1464 2352 Bryenn.
1509 2290 1573 2353 p.
1601 2272 1767 2348 476).
1858 2267 2046 2346 Quod
2102 2278 2317 2335 autem
2361 2271 2484 2336 sibi
2538 2271 2894 2354 proposuit,

586 2390 730 2437 cum
776 2369 937 2437 dicit
981 2372 1060 2436 el.
1086 2370 1288 2436 harm.
1318 2392 1381 2455 p.
1417 2374 1475 2454 6,
1512 2375 1623 2436 17:
1685 2364 2057 2437 ἀποδοτέον
2115 2370 2187 2435 δὲ
2242 2371 2355 2435 καὶ
2410 2368 2568 2446 τοὺς
2618 2368 2891 2449 τόπους,

590 2468 659 2537 ἒν
706 2470 810 2562 οἷς
855 2474 1191 2540 κινοῦνται
1236 2476 1372 2541 seil.
1406 2472 1471 2539 οἱ
1514 2471 1893 2557 κινούμενοι
1921 2476 2054 2540 τῶν
2084 2471 2430 2561 φθόγγων,
2477 2473 2543 2540 id
2590 2480 2897 2541 executus

589 2583 688 2644 est
734 2582 821 2662 (p.
857 2581 958 2661 30,
994 2581 1072 2642 27
1100 2580 1286 2661 sqq.),
1333 2598 1476 2644 eum
1520 2577 1991 2645 demonstraret
2018 2577 2259 2645 liehani
2287 2575 2503 2642 τόπον
2533 2597 2677 2644 esse
2720 2600 2899 2642 τονι-

591 2692 759 2760 αῖον,
802 2679 1201 2765 parhypates
1245 2687 1459 2747 autem
1490 2678 1765 2756 διέσεως
1811 2678 2175 2765 ἐλαχίστης,
2220 2681 2623 2746 liehanorum
2668 2678 2899 2746 enhar-

585 2783 942 2848 moniarum
989 2777 1201 2845 τόπον
1246 2789 1435 2848 sexta
1475 2784 1610 2847 toni
1656 2789 1839 2867 parte
1884 2784 2238 2849 mensurari
2283 2786 2370 2866 (p.
2403 2785 2505 2866 34,
2539 2784 2666 2868 25),
2713 2781 2900 2850 chro-

585 2885 962 2950 matioarum
1008 2881 1358 2950 hemitonio
1404 2891 1470 2951 et
1512 2884 1901 2951 duodecima
1949 2886 2084 2951 toni
2142 2893 2326 2968 parte
2372 2889 2459 2969 (p.
2493 2888 2595 2969 36,
2628 2889 2710 2960 3),
2755 2884 2902 2950 dia-

585 2993 879 3053 tonarum
945 2984 1225 3068 denique
1300 2985 1466 3053 diesi
1532 2991 1619 3071 (p.
1669 2988 1770 3061 36,
1822 2988 1943 3063 12).
2033 2986 2260 3069 Itaque
2326 2988 2381 3053 si
2446 2987 2533 3053 ad
2598 3006 2903 3054 numeros

584 3089 877 3154 revocari
907 3088 1143 3171 poterit
1171 3089 1493 3154 intervalli
1523 3090 1796 3156 alieuius
1817 3091 2125 3174 μέγεθος,
2158 3086 2671 3174 ἀποδοθήσεται
2700 3090 2905 3154 τοῦτο

585 3187 662 3254 τὸ
708 3186 1040 3274 μέγεθος,
1084 3191 1140 3257 si
1184 3191 1415 3274 minus,
1461 3192 1869 3258 intervallum
1915 3192 2037 3258 erit
2092 3193 2482 3259 irrationale.
2569 3192 2904 3258 Definiun-

587 3299 688 3358 tur
716 3301 930 3359 autem
962 3292 1503 3375 quemadmodum
1534 3307 1833 3361 sonorum
1862 3293 2197 3360 mobilium
2229 3296 2548 3377 regiones,
2586 3297 2679 3360 ita
2707 3296 2904 3359 inter-

586 3395 764 3460 valla
805 3401 957 3460 tono
1002 3395 1141 3461 sive
1186 3397 1321 3460 toni
1365 3396 1674 3479 partibus.
1763 3395 1852 3461 At
1894 3415 2022 3461 non
2067 3396 2519 3480 quodcumque
2571 3397 2707 3463 toni
2750 3417 2898 3480 par-

763 3527 809 3589 1)
847 3523 1099 3579 Ceterum
1145 3526 1606 3596 Pythagoreorum
1651 3527 1746 3581 illa
1789 3525 1969 3599 λόγου
2015 3522 2256 3583 definitio
2297 3529 2352 3583 in
2389 3529 2604 3584 Pseudo
2619 3528 2905 3584 -Euelidis

588 3608 863 3666 codicibus
899 3608 1115 3665 duobus
1168 3611 1260 3675 (cf.
1286 3610 1564 3667 Meibomii
1598 3612 1723 3669 adn.
1763 3613 1832 3668 ad
1856 3629 1908 3682 p.
1940 3617 2025 3679 56)
2059 3612 2246 3668 addita
2280 3618 2365 3668 est
2397 3613 2696 3670 definitioni
2729 3614 2903 3669 inter-

586 3694 854 3748 vallorum
888 3693 1283 3750 irrationalium
1318 3695 1707 3752 Aristoxeneae
1743 3713 1912 3767 supra
1946 3698 2173 3767 allatae3
2212 3699 2405 3753 eadem
2434 3699 2657 3768 irrepsit
2692 3700 2749 3753 in
2772 3699 2905 3753 Ari·

587 3777 738 3833 stidis
787 3782 859 3848 (p.
900 3783 961 3834 13
998 3778 1134 3846 Mb.)
1178 3779 1586 3836 intervallorum
1632 3782 1945 3837 discrimina
1980 3783 2276 3838 secundum
2310 3784 2692 3839 Aristoxenum
2727 3784 2910 3839 relata

589 3863 678 3929 (of.
716 3862 931 3919 Deiters
956 3864 1040 3919 De
1062 3865 1158 3918 Ar.
1185 3863 1369 3932 Quint.
1405 3865 1578 3922 doctr.
1616 3867 1787 3921 harm.
1824 3866 2067 3923 fontibus
2090 3885 2144 3937 p.
2173 3873 2275 3936 20),
2311 3869 2540 3937 denique
2575 3869 2634 3923 in
2662 3868 2910 3924 eiusdem

589 3947 952 4003 definitionem
975 3953 1277 4018 temporum
1302 3948 1744 4019 enrhythmorum
1767 3955 1841 4021 (p.
1868 3955 1932 4004 33
1951 3952 2065 4008 Mb.
2085 3980 2153 4000 =
2172 3957 2254 4016 50,
2275 3956 2304 4008 8
2326 3953 2452 4018 W.)‚
2477 3953 2575 4009 ubi
2599 3945 2911 4024 ἀνομοίων

588 4035 656 4088 de
690 4033 840 4088 sonis
885 4028 1048 4090 τάσει
1095 4033 1317 4089 diversis
1350 4034 1769 4103 intellegendum
1813 4052 1923 4093 non
1969 4040 2091 4104 eget
2121 4037 2286 4092 variis
2330 4039 2566 4093 virorum
2614 4038 2911 4094 doctorum

586 4118 1065 4174 emendationibus.
