3177 4960
838 343 922 399 De
953 344 1369 400 irrationalitate
1403 344 1587 401 studia
1620 345 1938 417 rhythmica.
2430 350 2552 409 315

222 516 424 600 gione
483 522 775 601 apertum
837 524 964 602 est,
1031 537 1180 583 nam
1232 519 1377 586 basi
1443 518 1769 586 iambicae
1827 520 2174 605 respondet
2231 522 2549 590 interdum

221 616 562 685 trochaica
590 624 656 685 et
698 619 976 703 primum
1021 626 1277 704 tempus
1309 619 1502 688 modo
1534 641 1979 689 monosemum
2012 623 2202 691 modo
2232 624 2550 692 disemum

224 727 343 789 est.
436 722 600 788 Item
632 729 874 789 certum
905 729 1004 791 est
1046 723 1112 789 in
1158 725 1522 806 quintarum
1569 724 1961 792 divisionum
1991 723 2206 812 τόπῳ,
2252 729 2548 811 quamvis

224 824 293 890 in
325 842 405 891 eo
437 844 567 891 non
598 829 780 891 extet
808 824 1197 893 irrationalis
1229 826 1486 910 divisio,
1535 846 1701 911 quae
1736 827 1931 895 faciat
1959 834 2235 896 metrum
2266 828 2550 896 medium

226 927 396 994 inter
423 926 812 1011 glyconeum
847 928 912 992 II
942 934 1006 995 et
1034 928 1151 993 ΠΙ.
1240 929 1316 994 In
1346 929 1553 996 altera
1591 949 1747 996 vero
1799 936 1863 998 et
1909 937 2136 1015 quarta
2179 933 2548 1016 regionibus

225 1048 347 1096 eae
406 1029 654 1097 formae
699 1031 1081 1114 rationales,
1137 1030 1224 1098 ad
1269 1050 1430 1115 quas
1474 1032 1720 1100 formae
1764 1033 2167 1101 irrationales
2213 1033 2555 1103 traducunt

226 1152 271 1199 a
325 1131 553 1199 formis
612 1132 1035 1199 rationalibus
1092 1153 1212 1201 usu
1270 1134 1545 1217 cognitis
1602 1141 1796 1218 atque
1853 1136 2194 1220 inclinant,
2261 1156 2388 1204 non
2456 1139 2552 1204 in-

226 1234 575 1301 veniuntur
620 1235 742 1317 ita,
801 1244 870 1301 ut
912 1236 1059 1302 aliis
1103 1242 1452 1303 metrorum
1505 1236 2285 1322 pseudologaoedicorum
2329 1240 2550 1307 formis

227 1336 689 1423 respondeant.
708 1340 747 1415 ¹)
838 1336 1045 1404 Statui
1077 1357 1230 1406 vero
1277 1346 1563 1423 possunt,
1613 1357 1697 1406 ex
1726 1340 2049 1423 glyconeo
2082 1342 2250 1408 enim
2282 1342 2346 1407 H
2376 1343 2548 1409 irrat.

228 1441 510 1511 efficitur
539 1446 813 1507 metrum
859 1439 1010 1508 hoc:
1057 1474 1525 1503 --------
1535 1492 1552 1526 ,
1600 1461 1636 1509 e
1683 1443 2001 1526 glyconeo
2047 1450 2261 1510 autem
2304 1444 2403 1509 111
2446 1444 2553 1511 vel

228 1576 713 1606 --------
772 1543 880 1609 vel
935 1587 971 1595 -
996 1576 1410 1604 -ψ-υυυ-
1468 1545 1576 1611 vel
1631 1577 2124 1611 --υυ-υυ-.
2228 1547 2391 1613 Item
2462 1552 2553 1613 te-

227 1647 630 1715 lesilleorum
677 1645 921 1712 formae
965 1663 1036 1713 se
1081 1643 1443 1727 habebunt3
1490 1665 1526 1712 e
1558 1645 1876 1713 telesilleo
1911 1647 1972 1712 ΙΙ
2004 1646 2074 1712 fit
2120 1681 2521 1707 υυυυυυυ
2534 1696 2551 1731 ,

232 1770 268 1817 e
292 1749 487 1817 tertio
518 1753 734 1814 autem
766 1747 874 1814 vel
904 1779 1316 1809 -------
1359 1748 1467 1814 vel
1510 1781 1925 1808 -------
1970 1749 2079 1816 vel
2122 1783 2552 1814 --------

407 1851 510 1917 Ex
568 1851 662 1917 eis
731 1854 947 1916 autem
1012 1850 1237 1916 formis
1306 1849 1389 1916 de
1454 1850 1756 1934 glyconei
1814 1857 1880 1918 et
1947 1851 2247 1919 telesillei
2303 1852 2553 1934 origine

232 1954 461 2022 licebit
491 1953 804 2020 conicere.
892 1953 1192 2018 Formam
1234 1953 1404 2018 enim
1448 1953 1847 2038 rationalem,
1893 1953 1982 2021 ad
2029 1973 2222 2037 quam
2252 1954 2554 2021 telesillei

232 2057 297 2122 II
341 2057 551 2123 forma
597 2054 987 2121 irrationalis
1032 2054 1332 2138 inclinat,
1381 2074 1417 2121 e
1461 2074 1710 2139 paeone
1756 2057 1966 2140 primo
2014 2062 2080 2123 et
2123 2057 2359 2125 cretico
2407 2076 2552 2124 con-

231 2167 404 2226 stare
451 2158 804 2227 statuimus.
895 2155 1078 2235 Quae
1109 2158 1164 2223 si
1196 2163 1368 2224 esset
1412 2157 1756 2225 dimetrum
1802 2160 2124 2245 creticum,
2170 2160 2235 2225 in
2278 2179 2405 2243 quo
2454 2178 2551 2226 so-

233 2264 369 2329 luta
399 2263 485 2329 sit
512 2261 744 2344 prioris
788 2261 975 2345 pedis
1019 2260 1215 2343 longa
1258 2262 1463 2327 altera
1505 2258 1765 2345 (χρόνος
1794 2260 1963 2326 κατὰ
1994 2259 2113 2346 τὴν
2144 2263 2261 2348 τῆς
2293 2262 2555 2347 ῥυθμο-

234 2368 473 2441 ποιίας
498 2365 731 2451 χρῆσιν
763 2361 1129 2441 σύνθετος),
1175 2364 1601 2448 percutienda
1630 2370 1728 2431 est
1757 2365 1948 2430 trium
1979 2366 2270 2431 brevium
2317 2365 2552 2430 media.

234 2469 320 2536 At
377 2488 415 2536 e
460 2467 576 2534 tali
629 2472 831 2534 metro
888 2465 1270 2533 telesilleum
1329 2463 1526 2534 fluere
1583 2487 1709 2534 non
1764 2471 2032 2550 poterat.
2123 2465 2553 2550 cogitandum

237 2592 393 2639 vero
419 2577 520 2638 est
548 2571 615 2635 in
638 2576 985 2636 metrorum
1008 2569 1485 2636 continuatione
1515 2568 1888 2653 rhythmum
1918 2568 2552 2654 iambotrochaicum,
2655 2612 2662 2619 -

237 2675 301 2741 in
360 2693 553 2758 quem
601 2679 872 2739 metrum
918 2672 1093 2756 prius
1142 2670 1438 2739 desinere
1481 2673 1768 2756 videtur,
1828 2673 1919 2738 ita
1963 2672 2247 2739 valuisse
2291 2672 2376 2738 ad
2422 2691 2553 2740 me·

238 2783 403 2844 trum
463 2777 838 2859 insequens,
899 2780 970 2841 ut
1012 2775 1174 2841 ictus
1220 2794 1346 2841 non
1391 2776 1658 2841 alteram
1705 2793 1743 2841 e
1789 2774 2095 2843 brevibus
2138 2774 2378 2858 tribus,
2436 2776 2554 2842 sed

235 2880 514 2964 primam
566 2883 944 2961 occuparet,
1012 2877 1208 2942 ictum
1262 2882 1475 2943 autem
1536 2896 1753 2944 secum
1812 2878 2078 2945 duxisse
2135 2877 2350 2944 brevis
2406 2898 2551 2962 pro-

237 2982 629 3063 ductionem,
678 2999 844 3063 quae
888 2999 1015 3045 non
1058 2977 1198 3044 fieri
1245 2985 1529 3063 poterat,
1574 2981 1700 3046 nisi
1744 2980 1941 3065 longa
1984 2980 2372 3048 antecedens
2418 3000 2553 3048 cor·

415 3188 464 3251 1)
499 3183 824 3252 Quanquam
858 3182 1040 3236 autem
1078 3179 1347 3249 quaedam
1388 3180 1651 3236 eiusmodi
1684 3185 1888 3248 metra,
1935 3196 2073 3251 quae
2107 3196 2137 3235 e
2170 3181 2554 3250 glyconeorum

242 3268 734 3337 telesilleorumque
768 3264 1183 3321 irrationalitate
1207 3264 1496 3321 efficienda
1519 3268 1665 3334 sunt,
1701 3266 2049 3321 inveniuntur
2081 3264 2352 3320 interdum
2386 3264 2551 3333 tragi-

240 3369 430 3410 corum
454 3353 889 3422 comicorumque
924 3350 1255 3406 carminibus
1278 3350 1815 3419 pseudologaoedicis
1845 3350 2101 3417 admixta,
2137 3352 2319 3405 tamen
2343 3350 2553 3406 rariora

241 3441 324 3495 vel
360 3439 532 3508 magis
571 3437 737 3493 dubia
771 3441 827 3490 et
859 3436 1068 3492 incerta
1101 3438 1249 3501 sunt,
1287 3450 1448 3505 quam
1485 3441 1547 3490 ut
1579 3435 1637 3490 in
1674 3434 1752 3490 eis
1789 3434 1889 3489 niti
1923 3434 2210 3504 possimus.
2284 3434 2555 3492 Pindarus

241 3539 366 3580 vero
407 3525 526 3579 tota
560 3522 675 3577 fere
712 3521 953 3577 carmina
1001 3535 1069 3576 ex
1104 3521 1180 3576 eis
1218 3521 1585 3590 composuisse
1621 3519 1857 3584 videtur,
1897 3534 2035 3588 quae
2069 3521 2227 3588 vulgo
2263 3521 2555 3590 paeonico-

242 3609 526 3666 trochaica
553 3621 672 3663 esse
700 3607 995 3662 creduntur
1030 3606 1133 3672 (Ol.
1159 3606 1231 3672 11,
1256 3606 1325 3671 Χ,
1350 3605 1446 3676 Py.
1473 3605 1559 3672 V),
1598 3605 1780 3676 eisque
1806 3603 2093 3660 admiscuit
2125 3609 2298 3661 metra
2319 3605 2553 3676 pseudo-

241 3693 556 3765 logaoedica
579 3692 664 3749 vel
687 3692 871 3747 metris
895 3690 1432 3762 pseudologaoedicis
1449 3689 1657 3745 addidit
1678 3691 1912 3746 creticos
1930 3690 2035 3758 (Ol.
2059 3690 2088 3745 I
2106 3695 2204 3747 str.
2229 3696 2276 3756 7,
2301 3690 2454 3747 Nem.
2474 3691 2558 3746 111

244 3783 338 3836 str.
366 3785 417 3847 7,
463 3783 591 3848 post
636 3778 920 3848 glyconea:
977 3777 1057 3847 Py
1081 3777 1133 3831 11
1170 3792 1256 3846 ep.
1284 3782 1335 3845 4,
1371 3775 1449 3831 VI
1472 3779 1568 3831 str.
1598 3781 1647 3841 3,
1683 3776 1736 3830 Χ
1760 3791 1850 3846 ep.
1878 3780 1927 3830 6.
1964 3776 2045 3831 XI
2081 3779 2180 3832 str.
2206 3780 2255 3831 2.
2292 3776 2448 3832 Nem.
2474 3775 2556 3829 IlI

243 3869 336 3920 str.
365 3868 399 3918 4
434 3863 514 3920 VI
538 3866 636 3918 str.
666 3865 714 3929 2,
751 3867 876 3932 post
910 3862 1196 3917 telesillea:
1243 3860 1431 3918 01.1v
1467 3864 1563 3917 str.
1593 3866 1649 3929 53
1686 3860 1766 3915 IX
1791 3866 1892 3918 str.
1920 3865 1951 3915 9
1988 3862 2083 3933 Py.
2109 3861 2162 3915 X
2198 3876 2282 3932 ep.
2310 3866 2361 3915 4.
2398 3860 2554 3915 Nem.

245 3949 325 4004 111
349 3954 447 4006 str.
480 3953 527 4015 1,
563 3947 702 4003 alias
740 3947 859 4003 aliis
896 3947 1065 4003 modis
1113 3948 1240 4002 item
1276 3946 1548 4003 interdum
1584 3947 1730 4017 apud
1765 3947 2039 4016 tragicos).
2112 3946 2219 4002 Sed
2255 3945 2333 4001 eis
2371 3945 2553 4014 dispu-

246 4034 423 4091 tandis
460 4049 571 4091 non
594 4034 703 4088 iam
737 4047 841 4103 par
864 4037 946 4097 est
968 4031 1307 4103 rhythmicae
1343 4032 1502 4100 ratio,
1539 4047 1702 4102 quam
1727 4033 2081 4099 instituimus,
2116 4032 2174 4087 in
2202 4031 2387 4100 primis
2413 4031 2552 4085 enim

244 4120 562 4177 rudimentis
598 4118 778 4174 adhuc
812 4119 1072 4174 versatur.
