<?xml version="1.0" encoding="UTF-8"?>
<!DOCTYPE html PUBLIC "-//W3C//DTD XHTML 1.0 Transitional//EN"
    "http://www.w3.org/TR/xhtml1/DTD/xhtml1-transitional.dtd">
<html xmlns="http://www.w3.org/1999/xhtml" xml:lang="en" lang="en">
 <head>
  <title>
</title>
<meta http-equiv="Content-Type" content="text/html;charset=utf-8" />
  <meta name='ocr-system' content='tesseract 3.04.00' />
  <meta name='ocr-capabilities' content='ocr_page ocr_carea ocr_par ocr_line ocrx_word'/>
</head>
<body>
  <div class='ocr_page' id='page_1' title='image "./deirrationalita00jusagoog_0170.png"; bbox 0 0 3177 4960; ppageno 0'>
   <div class='ocr_carea' id='block_1_1' title="bbox 594 319 1928 389">
    <p class='ocr_par' dir='ltr' id='par_1_1' title="bbox 594 319 1928 389">
     <span class='ocr_line' id='line_1_1' title="bbox 594 319 1928 389; baseline -0.006 -7"><span class='ocrx_word' id='word_1_1' title='bbox 594 322 716 383; x_wconf 83' lang='lat'>332</span> <span class='ocrx_word' id='word_1_2' title='bbox 1544 320 1702 389; x_wconf 80' lang='lat' dir='ltr'>Hugo</span> <span class='ocrx_word' id='word_1_3' title='bbox 1737 319 1771 374; x_wconf 85' lang='lat' dir='ltr'><strong>J</strong></span> <span class='ocrx_word' id='word_1_4' title='bbox 1775 325 1928 375; x_wconf 83' lang='lat' dir='ltr'>usatz</span> 
     </span>
    </p>
   </div>
   <div class='ocr_carea' id='block_1_2' title="bbox 589 491 2891 569">
    <p class='ocr_par' dir='ltr' id='par_1_2' title="bbox 589 491 2891 569">
     <span class='ocr_line' id='line_1_2' title="bbox 589 491 2891 569; baseline -0.002 -8"><span class='ocrx_word' id='word_1_5' title='bbox 589 498 681 563; x_wconf 89' lang='lat' dir='ltr'>ita</span> <span class='ocrx_word' id='word_1_6' title='bbox 724 501 793 562; x_wconf 84' lang='lat' dir='ltr'>ut</span> <span class='ocrx_word' id='word_1_7' title='bbox 836 494 1124 562; x_wconf 80' lang='lat' dir='ltr'>trochaei</span> <span class='ocrx_word' id='word_1_8' title='bbox 1176 493 1631 561; x_wconf 77' lang='lat' dir='ltr'>antecedentes</span> <span class='ocrx_word' id='word_1_9' title='bbox 1682 493 1991 561; x_wconf 80' lang='lat' dir='ltr'>inclinent</span> <span class='ocrx_word' id='word_1_10' title='bbox 2031 492 2116 560; x_wconf 90' lang='lat' dir='ltr'>ad</span> <span class='ocrx_word' id='word_1_11' title='bbox 2162 491 2605 560; x_wconf 79' lang='lat' dir='ltr'>choriambum</span> <span class='ocrx_word' id='word_1_12' title='bbox 2646 491 2760 569; x_wconf 92' lang='lat' dir='ltr'><strong>(II)</strong></span> <span class='ocrx_word' id='word_1_13' title='bbox 2803 491 2891 556; x_wconf 90' lang='lat' dir='ltr'>in·</span> 
     </span>
    </p>
   </div>
   <div class='ocr_carea' id='block_1_3' title="bbox 590 592 2892 766">
    <p class='ocr_par' dir='ltr' id='par_1_3' title="bbox 590 592 2892 766">
     <span class='ocr_line' id='line_1_3' title="bbox 590 592 2892 683; baseline -0.003 -16"><span class='ocrx_word' id='word_1_14' title='bbox 590 604 981 683; x_wconf 79' lang='lat' dir='ltr'>sequentem,</span> <span class='ocrx_word' id='word_1_15' title='bbox 1015 598 1212 665; x_wconf 84' lang='lat' dir='ltr'>iambi</span> <span class='ocrx_word' id='word_1_16' title='bbox 1242 598 1652 679; x_wconf 79' lang='lat' dir='ltr'>insequentes</span> <span class='ocrx_word' id='word_1_17' title='bbox 1680 596 1765 663; x_wconf 92' lang='lat' dir='ltr'>ad</span> <span class='ocrx_word' id='word_1_18' title='bbox 1798 595 2238 664; x_wconf 84' lang='lat' dir='ltr'>choriambum</span> <span class='ocrx_word' id='word_1_19' title='bbox 2270 594 2348 672; x_wconf 94' lang='grc' dir='ltr'>(Ι)</span> <span class='ocrx_word' id='word_1_20' title='bbox 2379 592 2892 661; x_wconf 80' lang='lat' dir='ltr'>antecedentem:</span> 
     </span>
     <span class='ocr_line' id='line_1_4' title="bbox 1314 697 2216 766; baseline 0 -16"><span class='ocrx_word' id='word_1_21' title='bbox 1314 697 2216 766; x_wconf 52' lang='grc' dir='ltr'>...Ᾱυ-ῑὸ-ὐό-Ιυυ-..υ</span> 
     </span>
    </p>
   </div>
   <div class='ocr_carea' id='block_1_4' title="bbox 594 781 2893 1060">
    <p class='ocr_par' dir='ltr' id='par_1_4' title="bbox 594 781 2893 1060">
     <span class='ocr_line' id='line_1_5' title="bbox 1562 781 2442 837; baseline -0.01 6.371"><span class='ocrx_word' id='word_1_22' title='bbox 1562 781 2442 837; x_wconf 53' lang='grc' dir='ltr'>..-υν-όυ-“νιυέ..υ</span> 
     </span>
     <span class='ocr_line' id='line_1_6' title="bbox 595 782 2893 956; baseline -0.003 -16"><span class='ocrx_word' id='word_1_23' title='bbox 595 872 952 940; x_wconf 88' lang='lat' dir='ltr'>choriambi</span> <span class='ocrx_word' id='word_1_24' title='bbox 996 877 1231 956; x_wconf 89' lang='lat' dir='ltr'>autem,</span> <span class='ocrx_word' id='word_1_25' title='bbox 1278 871 1388 955; x_wconf 91' lang='lat' dir='ltr'>qui</span> <span class='ocrx_word' id='word_1_26' title='bbox 1435 823 1711 955; x_wconf 86' lang='lat' dir='ltr'>epitritis</span> <span class='ocrx_word' id='word_1_27' title='bbox 1753 782 1974 938; x_wconf 55' lang='lat' dir='ltr'>alteris</span> <span class='ocrx_word' id='word_1_28' title='bbox 2006 819 2443 937; x_wconf 78' lang='lat' dir='ltr'>immiscentur</span> <span class='ocrx_word' id='word_1_29' title='bbox 2484 869 2691 946; x_wconf 84' lang='lat' dir='ltr'>(velut</span> <span class='ocrx_word' id='word_1_30' title='bbox 2719 868 2832 953; x_wconf 85' lang='lat' dir='ltr'>Py</span> <span class='ocrx_word' id='word_1_31' title='bbox 2862 869 2893 934; x_wconf 93' lang='lat'>1</span> 
     </span>
     <span class='ocr_line' id='line_1_7' title="bbox 594 973 2851 1060; baseline -0.004 -19"><span class='ocrx_word' id='word_1_32' title='bbox 594 980 701 1041; x_wconf 84' lang='lat' dir='ltr'>str.</span> <span class='ocrx_word' id='word_1_33' title='bbox 736 976 818 1060; x_wconf 85' lang='lat'>2),</span> <span class='ocrx_word' id='word_1_34' title='bbox 865 979 1211 1057; x_wconf 88' lang='lat' dir='ltr'>sequantur</span> <span class='ocrx_word' id='word_1_35' title='bbox 1253 973 1572 1040; x_wconf 88' lang='lat' dir='ltr'>anaclasis</span> <span class='ocrx_word' id='word_1_36' title='bbox 1617 973 1899 1057; x_wconf 89' lang='lat' dir='ltr'>speciem</span> <span class='ocrx_word' id='word_1_37' title='bbox 1942 974 2211 1039; x_wconf 88' lang='lat' dir='ltr'>alteram</span> <span class='ocrx_word' id='word_1_38' title='bbox 2255 975 2330 1051; x_wconf 88' lang='lat'>(&#39;—&#39;</span> <span class='ocrx_word' id='word_1_39' title='bbox 2349 1001 2390 1025; x_wconf 68' lang='grc' dir='ltr'><strong>υ</strong></span> <span class='ocrx_word' id='word_1_40' title='bbox 2410 990 2449 1027; x_wconf 69' lang='lat' dir='ltr'>x</span> <span class='ocrx_word' id='word_1_41' title='bbox 2468 984 2550 1026; x_wconf 57' lang='grc' dir='ltr'>ψ·</span> <span class='ocrx_word' id='word_1_42' title='bbox 2538 978 2622 1033; x_wconf 59' lang='lat' dir='ltr'>:u</span> <span class='ocrx_word' id='word_1_43' title='bbox 2641 1000 2684 1024; x_wconf 63' lang='grc' dir='ltr'><strong>υ</strong></span> <span class='ocrx_word' id='word_1_44' title='bbox 2708 978 2753 1024; x_wconf 63' lang='grc' dir='ltr'>ό</span> <span class='ocrx_word' id='word_1_45' title='bbox 2772 974 2851 1050; x_wconf 91' lang='grc'>-).</span> 
     </span>
    </p>
   </div>
   <div class='ocr_carea' id='block_1_5' title="bbox 1188 1327 2310 1564">
    <p class='ocr_par' dir='ltr' id='par_1_5' title="bbox 1188 1327 2310 1564">
     <span class='ocr_line' id='line_1_8' title="bbox 1456 1327 2027 1395; baseline 0 -1"><span class='ocrx_word' id='word_1_46' title='bbox 1456 1327 1744 1395; x_wconf 82' lang='lat' dir='ltr'>CAPUT</span> <span class='ocrx_word' id='word_1_47' title='bbox 1788 1327 2027 1394; x_wconf 89' lang='lat' dir='ltr'>XXIV.</span> 
     </span>
     <span class='ocr_line' id='line_1_9' title="bbox 1188 1461 2310 1564; baseline 0.001 -25"><span class='ocrx_word' id='word_1_48' title='bbox 1188 1461 1306 1539; x_wconf 78' lang='lat' dir='ltr'>De</span> <span class='ocrx_word' id='word_1_49' title='bbox 1358 1463 1923 1540; x_wconf 75' lang='lat' dir='ltr'>irrationalitate</span> <span class='ocrx_word' id='word_1_50' title='bbox 1972 1463 2310 1564; x_wconf 76' lang='lat' dir='ltr'>simplici.</span> 
     </span>
    </p>
   </div>
   <div class='ocr_carea' id='block_1_6' title="bbox 513 1616 2924 4163">
    <p class='ocr_par' dir='ltr' id='par_1_6' title="bbox 513 1616 2924 4163">
     <span class='ocr_line' id='line_1_10' title="bbox 770 1616 2897 1703; baseline -0.001 -17"><span class='ocrx_word' id='word_1_51' title='bbox 770 1621 1204 1689; x_wconf 88' lang='lat' dir='ltr'>Disseruimus</span> <span class='ocrx_word' id='word_1_52' title='bbox 1225 1626 1441 1685; x_wconf 89' lang='lat' dir='ltr'>autem</span> <span class='ocrx_word' id='word_1_53' title='bbox 1463 1616 1774 1685; x_wconf 90' lang='lat' dir='ltr'>hactenus</span> <span class='ocrx_word' id='word_1_54' title='bbox 1797 1616 1880 1684; x_wconf 92' lang='lat' dir='ltr'>de</span> <span class='ocrx_word' id='word_1_55' title='bbox 1904 1618 2197 1685; x_wconf 91' lang='lat' dir='ltr'>binorum</span> <span class='ocrx_word' id='word_1_56' title='bbox 2219 1618 2501 1684; x_wconf 85' lang='lat' dir='ltr'>maxime</span> <span class='ocrx_word' id='word_1_57' title='bbox 2525 1624 2897 1703; x_wconf 89' lang='lat' dir='ltr'>temporum,</span> 
     </span>
     <span class='ocr_line' id='line_1_11' title="bbox 603 1721 2900 1810; baseline -0.002 -18"><span class='ocrx_word' id='word_1_58' title='bbox 603 1745 770 1810; x_wconf 90' lang='lat' dir='ltr'>quae</span> <span class='ocrx_word' id='word_1_59' title='bbox 804 1723 887 1791; x_wconf 92' lang='lat' dir='ltr'>ad</span> <span class='ocrx_word' id='word_1_60' title='bbox 920 1741 1256 1790; x_wconf 90' lang='lat' dir='ltr'>commune</span> <span class='ocrx_word' id='word_1_61' title='bbox 1294 1722 1574 1806; x_wconf 92' lang='lat' dir='ltr'>spatium</span> <span class='ocrx_word' id='word_1_62' title='bbox 1604 1721 1920 1787; x_wconf 87' lang='lat' dir='ltr'>rationale</span> <span class='ocrx_word' id='word_1_63' title='bbox 1951 1726 2353 1806; x_wconf 88' lang='lat' dir='ltr'>revocantur,</span> <span class='ocrx_word' id='word_1_64' title='bbox 2400 1721 2900 1804; x_wconf 85' lang='lat' dir='ltr'>irrationalitate,</span> 
     </span>
     <span class='ocr_line' id='line_1_12' title="bbox 602 1819 2905 1910; baseline -0.003 -15"><span class='ocrx_word' id='word_1_65' title='bbox 602 1847 793 1910; x_wconf 86' lang='lat' dir='ltr'>quam</span> <span class='ocrx_word' id='word_1_66' title='bbox 824 1827 1249 1893; x_wconf 86' lang='lat' dir='ltr'>Aristoxenus</span> <span class='ocrx_word' id='word_1_67' title='bbox 1293 1825 1360 1889; x_wconf 90' lang='lat' dir='ltr'>in</span> <span class='ocrx_word' id='word_1_68' title='bbox 1404 1822 1724 1906; x_wconf 87' lang='lat' dir='ltr'>rhythmis</span> <span class='ocrx_word' id='word_1_69' title='bbox 1770 1819 1866 1906; x_wconf 77' lang='grc' dir='ltr'>(ἐν</span> <span class='ocrx_word' id='word_1_70' title='bbox 1903 1821 2219 1907; x_wconf 74' lang='grc' dir='ltr'><strong><em>ῥυθμοῖς)</em></strong></span> <span class='ocrx_word' id='word_1_71' title='bbox 2264 1823 2473 1890; x_wconf 92' lang='lat' dir='ltr'>inesse</span> <span class='ocrx_word' id='word_1_72' title='bbox 2517 1824 2629 1889; x_wconf 90' lang='lat' dir='ltr'>ait.</span> <span class='ocrx_word' id='word_1_73' title='bbox 2705 1823 2905 1890; x_wconf 87' lang='lat' dir='ltr'>Alteri</span> 
     </span>
     <span class='ocr_line' id='line_1_13' title="bbox 601 1921 2908 2009; baseline -0.003 -13"><span class='ocrx_word' id='word_1_74' title='bbox 601 1936 816 1996; x_wconf 87' lang='lat' dir='ltr'>autem</span> <span class='ocrx_word' id='word_1_75' title='bbox 863 1927 1334 1994; x_wconf 87' lang='lat' dir='ltr'>irrationalitati</span> <span class='ocrx_word' id='word_1_76' title='bbox 1353 1931 1392 2008; x_wconf 85' lang='grc'>,“</span> <span class='ocrx_word' id='word_1_77' title='bbox 1418 1944 1585 2009; x_wconf 89' lang='lat' dir='ltr'>quae</span> <span class='ocrx_word' id='word_1_78' title='bbox 1631 1926 1797 1992; x_wconf 88' lang='lat' dir='ltr'>inest</span> <span class='ocrx_word' id='word_1_79' title='bbox 1840 1926 1905 1990; x_wconf 88' lang='lat' dir='ltr'>in</span> <span class='ocrx_word' id='word_1_80' title='bbox 1950 1923 2120 2009; x_wconf 91' lang='lat' dir='ltr'>pede</span> <span class='ocrx_word' id='word_1_81' title='bbox 2165 1925 2474 2008; x_wconf 83' lang='lat' dir='ltr'>singulari</span> <span class='ocrx_word' id='word_1_82' title='bbox 2521 1923 2714 2005; x_wconf 79' lang='grc' dir='ltr'>(ποδὶ</span> <span class='ocrx_word' id='word_1_83' title='bbox 2762 1921 2908 1990; x_wconf 76' lang='grc' dir='ltr'><strong><em>ἑκά-</em></strong></span> 
     </span>
     <span class='ocr_line' id='line_1_14' title="bbox 513 2019 2908 2115; baseline -0.002 -20"><span class='ocrx_word' id='word_1_84' title='bbox 513 2032 518 2036; x_wconf 75' lang='grc'>’</span> <span class='ocrx_word' id='word_1_85' title='bbox 602 2032 784 2115; x_wconf 64' lang='lat' dir='ltr'>atqu),</span> <span class='ocrx_word' id='word_1_86' title='bbox 832 2031 899 2095; x_wconf 87' lang='lat' dir='ltr'>in</span> <span class='ocrx_word' id='word_1_87' title='bbox 945 2048 1071 2112; x_wconf 87' lang='lat' dir='ltr'>quo</span> <span class='ocrx_word' id='word_1_88' title='bbox 1116 2024 1191 2092; x_wconf 85' lang='grc' dir='ltr'>τὸ</span> <span class='ocrx_word' id='word_1_89' title='bbox 1241 2020 1379 2091; x_wconf 73' lang='grc' dir='ltr'>ἄνω</span> <span class='ocrx_word' id='word_1_90' title='bbox 1426 2033 1525 2093; x_wconf 79' lang='lat' dir='ltr'>est</span> <span class='ocrx_word' id='word_1_91' title='bbox 1570 2019 1811 2110; x_wconf 64' lang='grc' dir='ltr'><em>ἄλογον</em></span> <span class='ocrx_word' id='word_1_92' title='bbox 1855 2022 2029 2111; x_wconf 82' lang='grc' dir='ltr'><strong><em>πρὸς</em></strong></span> <span class='ocrx_word' id='word_1_93' title='bbox 2071 2023 2147 2092; x_wconf 82' lang='grc' dir='ltr'>τὸ</span> <span class='ocrx_word' id='word_1_94' title='bbox 2196 2023 2393 2106; x_wconf 77' lang='grc' dir='ltr'><strong><em>κάτω,</em></strong></span> <span class='ocrx_word' id='word_1_95' title='bbox 2440 2047 2568 2094; x_wconf 83' lang='grc' dir='ltr'>11οη</span> <span class='ocrx_word' id='word_1_96' title='bbox 2610 2024 2688 2092; x_wconf 85' lang='grc' dir='ltr'>τὸ</span> <span class='ocrx_word' id='word_1_97' title='bbox 2729 2024 2908 2092; x_wconf 83' lang='grc' dir='ltr'><strong><em>κάτω</em></strong></span> 
     </span>
     <span class='ocr_line' id='line_1_15' title="bbox 603 2124 2910 2218; baseline 0 -21"><span class='ocrx_word' id='word_1_98' title='bbox 603 2130 776 2218; x_wconf 80' lang='grc' dir='ltr'><strong><em>πρὸς</em></strong></span> <span class='ocrx_word' id='word_1_99' title='bbox 821 2129 894 2196; x_wconf 87' lang='grc' dir='ltr'>τὸ</span> <span class='ocrx_word' id='word_1_100' title='bbox 945 2124 1102 2213; x_wconf 73' lang='grc' dir='ltr'><em>ἄνω,</em></span> <span class='ocrx_word' id='word_1_101' title='bbox 1148 2129 1626 2212; x_wconf 86' lang='lat' dir='ltr'>adscripsimus,</span> <span class='ocrx_word' id='word_1_102' title='bbox 1673 2131 1728 2195; x_wconf 92' lang='lat' dir='ltr'>si</span> <span class='ocrx_word' id='word_1_103' title='bbox 1774 2130 1918 2212; x_wconf 91' lang='lat' dir='ltr'>quis</span> <span class='ocrx_word' id='word_1_104' title='bbox 1962 2149 2079 2213; x_wconf 91' lang='lat' dir='ltr'>pes</span> <span class='ocrx_word' id='word_1_105' title='bbox 2124 2131 2190 2195; x_wconf 90' lang='lat' dir='ltr'>in</span> <span class='ocrx_word' id='word_1_106' title='bbox 2234 2149 2457 2197; x_wconf 85' lang='lat' dir='ltr'>versus</span> <span class='ocrx_word' id='word_1_107' title='bbox 2501 2131 2611 2196; x_wconf 84' lang='lat' dir='ltr'>vel</span> <span class='ocrx_word' id='word_1_108' title='bbox 2653 2130 2910 2214; x_wconf 89' lang='lat' dir='ltr'>periodi</span> 
     </span>
     <span class='ocr_line' id='line_1_16' title="bbox 604 2230 2909 2318; baseline -0.001 -15"><span class='ocrx_word' id='word_1_109' title='bbox 604 2235 873 2304; x_wconf 89' lang='lat' dir='ltr'>exordio</span> <span class='ocrx_word' id='word_1_110' title='bbox 904 2234 1034 2301; x_wconf 89' lang='lat' dir='ltr'>arsi</span> <span class='ocrx_word' id='word_1_111' title='bbox 1071 2233 1386 2318; x_wconf 89' lang='lat' dir='ltr'>producta</span> <span class='ocrx_word' id='word_1_112' title='bbox 1413 2233 1560 2316; x_wconf 91' lang='lat' dir='ltr'>plus</span> <span class='ocrx_word' id='word_1_113' title='bbox 1607 2232 1916 2315; x_wconf 86' lang='lat' dir='ltr'>temporis</span> <span class='ocrx_word' id='word_1_114' title='bbox 1961 2233 2086 2299; x_wconf 91' lang='lat' dir='ltr'>sibi</span> <span class='ocrx_word' id='word_1_115' title='bbox 2117 2230 2424 2318; x_wconf 86' lang='lat' dir='ltr'>vindicat,</span> <span class='ocrx_word' id='word_1_116' title='bbox 2470 2251 2662 2317; x_wconf 91' lang='lat' dir='ltr'>quam</span> <span class='ocrx_word' id='word_1_117' title='bbox 2700 2233 2909 2300; x_wconf 93' lang='lat' dir='ltr'>medio</span> 
     </span>
     <span class='ocr_line' id='line_1_17' title="bbox 604 2334 2911 2421; baseline -0 -17"><span class='ocrx_word' id='word_1_118' title='bbox 604 2341 668 2404; x_wconf 91' lang='lat' dir='ltr'>in</span> <span class='ocrx_word' id='word_1_119' title='bbox 704 2357 897 2406; x_wconf 85' lang='lat' dir='ltr'>versu</span> <span class='ocrx_word' id='word_1_120' title='bbox 942 2336 1241 2403; x_wconf 72' lang='lat' dir='ltr'>mediare</span> <span class='ocrx_word' id='word_1_121' title='bbox 1286 2334 1555 2421; x_wconf 87' lang='lat' dir='ltr'>periodo</span> <span class='ocrx_word' id='word_1_122' title='bbox 1603 2335 1664 2401; x_wconf 93' lang='lat' dir='ltr'>ei</span> <span class='ocrx_word' id='word_1_123' title='bbox 1694 2334 2084 2416; x_wconf 88' lang='lat' dir='ltr'>conceditur,</span> <span class='ocrx_word' id='word_1_124' title='bbox 2130 2335 2256 2401; x_wconf 91' lang='lat' dir='ltr'>nisi</span> <span class='ocrx_word' id='word_1_125' title='bbox 2287 2335 2343 2401; x_wconf 95' lang='lat' dir='ltr'>is</span> <span class='ocrx_word' id='word_1_126' title='bbox 2373 2336 2514 2418; x_wconf 86' lang='lat' dir='ltr'>ipse</span> <span class='ocrx_word' id='word_1_127' title='bbox 2542 2355 2661 2418; x_wconf 89' lang='lat' dir='ltr'>pes</span> <span class='ocrx_word' id='word_1_128' title='bbox 2709 2342 2911 2403; x_wconf 87' lang='lat' dir='ltr'>tanto-</span> 
     </span>
     <span class='ocr_line' id='line_1_18' title="bbox 604 2427 2912 2527; baseline -0.002 -18"><span class='ocrx_word' id='word_1_129' title='bbox 604 2460 758 2527; x_wconf 89' lang='lat' dir='ltr'>pere</span> <span class='ocrx_word' id='word_1_130' title='bbox 803 2446 1092 2525; x_wconf 82' lang='lat' dir='ltr'>augetur,</span> <span class='ocrx_word' id='word_1_131' title='bbox 1139 2445 1228 2522; x_wconf 89' lang='lat' dir='ltr'>ut,</span> <span class='ocrx_word' id='word_1_132' title='bbox 1275 2427 1820 2523; x_wconf 82' lang='lat' dir='ltr'>quemadmodum</span> <span class='ocrx_word' id='word_1_133' title='bbox 1863 2436 1934 2503; x_wconf 91' lang='lat' dir='ltr'>fit</span> <span class='ocrx_word' id='word_1_134' title='bbox 1976 2437 2047 2503; x_wconf 91' lang='lat' dir='ltr'>in</span> <span class='ocrx_word' id='word_1_135' title='bbox 2090 2437 2395 2505; x_wconf 88' lang='lat' dir='ltr'>trimetris</span> <span class='ocrx_word' id='word_1_136' title='bbox 2439 2438 2521 2506; x_wconf 92' lang='lat' dir='ltr'>ab</span> <span class='ocrx_word' id='word_1_137' title='bbox 2558 2446 2912 2523; x_wconf 88' lang='lat' dir='ltr'>anapaesto</span> 
     </span>
     <span class='ocr_line' id='line_1_19' title="bbox 605 2541 2914 2629; baseline -0.001 -18"><span class='ocrx_word' id='word_1_138' title='bbox 605 2542 1080 2629; x_wconf 88' lang='lat' dir='ltr'>incipientibus,</span> <span class='ocrx_word' id='word_1_139' title='bbox 1126 2542 1404 2626; x_wconf 88' lang='lat' dir='ltr'>spatium</span> <span class='ocrx_word' id='word_1_140' title='bbox 1451 2541 1768 2608; x_wconf 86' lang='lat' dir='ltr'>rationale</span> <span class='ocrx_word' id='word_1_141' title='bbox 1812 2560 1938 2607; x_wconf 90' lang='lat' dir='ltr'>uno</span> <span class='ocrx_word' id='word_1_142' title='bbox 1984 2547 2275 2627; x_wconf 90' lang='lat' dir='ltr'>tempore</span> <span class='ocrx_word' id='word_1_143' title='bbox 2319 2542 2526 2627; x_wconf 88' lang='lat' dir='ltr'>primo</span> <span class='ocrx_word' id='word_1_144' title='bbox 2570 2543 2783 2609; x_wconf 89' lang='lat' dir='ltr'>maius</span> <span class='ocrx_word' id='word_1_145' title='bbox 2829 2543 2914 2609; x_wconf 91' lang='lat' dir='ltr'>le-</span> 
     </span>
     <span class='ocr_line' id='line_1_20' title="bbox 605 2642 2915 2730; baseline -0.001 -18"><span class='ocrx_word' id='word_1_146' title='bbox 605 2647 830 2730; x_wconf 84' lang='lat' dir='ltr'>gitimo</span> <span class='ocrx_word' id='word_1_147' title='bbox 876 2650 1273 2728; x_wconf 90' lang='lat' dir='ltr'>assequatur.</span> <span class='ocrx_word' id='word_1_148' title='bbox 1362 2644 1523 2710; x_wconf 92' lang='lat' dir='ltr'>Item</span> <span class='ocrx_word' id='word_1_149' title='bbox 1571 2644 1639 2709; x_wconf 90' lang='lat' dir='ltr'>in</span> <span class='ocrx_word' id='word_1_150' title='bbox 1683 2662 1907 2710; x_wconf 85' lang='lat' dir='ltr'>versus</span> <span class='ocrx_word' id='word_1_151' title='bbox 1967 2645 2075 2710; x_wconf 85' lang='lat' dir='ltr'>vel</span> <span class='ocrx_word' id='word_1_152' title='bbox 2118 2642 2372 2728; x_wconf 90' lang='lat' dir='ltr'>periodi</span> <span class='ocrx_word' id='word_1_153' title='bbox 2422 2642 2548 2711; x_wconf 90' lang='lat' dir='ltr'>fine</span> <span class='ocrx_word' id='word_1_154' title='bbox 2592 2646 2759 2712; x_wconf 88' lang='lat' dir='ltr'>arsis</span> <span class='ocrx_word' id='word_1_155' title='bbox 2808 2664 2915 2711; x_wconf 90' lang='lat' dir='ltr'>ex-</span> 
     </span>
     <span class='ocr_line' id='line_1_21' title="bbox 605 2745 2913 2830; baseline 0 -17"><span class='ocrx_word' id='word_1_156' title='bbox 605 2755 810 2815; x_wconf 87' lang='lat' dir='ltr'>trema</span> <span class='ocrx_word' id='word_1_157' title='bbox 878 2746 1265 2813; x_wconf 88' lang='lat' dir='ltr'>irrationalis</span> <span class='ocrx_word' id='word_1_158' title='bbox 1327 2745 1646 2813; x_wconf 85' lang='lat' dir='ltr'>excedere</span> <span class='ocrx_word' id='word_1_159' title='bbox 1701 2745 1990 2830; x_wconf 89' lang='lat' dir='ltr'>putanda</span> <span class='ocrx_word' id='word_1_160' title='bbox 2045 2752 2145 2813; x_wconf 89' lang='lat' dir='ltr'>est</span> <span class='ocrx_word' id='word_1_161' title='bbox 2200 2747 2478 2830; x_wconf 92' lang='lat' dir='ltr'>spatium</span> <span class='ocrx_word' id='word_1_162' title='bbox 2535 2747 2913 2830; x_wconf 87' lang='lat' dir='ltr'>legitimum,</span> 
     </span>
     <span class='ocr_line' id='line_1_22' title="bbox 607 2847 2916 2933; baseline 0 -17"><span class='ocrx_word' id='word_1_163' title='bbox 607 2850 785 2916; x_wconf 86' lang='lat' dir='ltr'>velut</span> <span class='ocrx_word' id='word_1_164' title='bbox 844 2851 899 2916; x_wconf 93' lang='lat' dir='ltr'>si</span> <span class='ocrx_word' id='word_1_165' title='bbox 959 2868 1291 2914; x_wconf 89' lang='lat' dir='ltr'>numerum</span> <span class='ocrx_word' id='word_1_166' title='bbox 1349 2847 1747 2915; x_wconf 89' lang='lat' dir='ltr'>trochaicum</span> <span class='ocrx_word' id='word_1_167' title='bbox 1803 2849 2232 2916; x_wconf 88' lang='lat' dir='ltr'>iambicumve</span> <span class='ocrx_word' id='word_1_168' title='bbox 2291 2849 2535 2916; x_wconf 87' lang='lat' dir='ltr'>claudit</span> <span class='ocrx_word' id='word_1_169' title='bbox 2588 2849 2916 2933; x_wconf 85' lang='lat' dir='ltr'>spondeus</span> 
     </span>
     <span class='ocr_line' id='line_1_23' title="bbox 608 2949 2917 3034; baseline 0 -17"><span class='ocrx_word' id='word_1_170' title='bbox 608 2949 1074 3017; x_wconf 88' lang='lat' dir='ltr'>trochaeoides.</span> <span class='ocrx_word' id='word_1_171' title='bbox 1163 2950 1330 3016; x_wconf 87' lang='lat' dir='ltr'>Nam</span> <span class='ocrx_word' id='word_1_172' title='bbox 1389 2951 1640 3034; x_wconf 91' lang='lat' dir='ltr'>quoties</span> <span class='ocrx_word' id='word_1_173' title='bbox 1701 2969 1926 3018; x_wconf 85' lang='lat' dir='ltr'>versus</span> <span class='ocrx_word' id='word_1_174' title='bbox 1984 2951 2051 3017; x_wconf 97' lang='lat' dir='ltr'>in</span> <span class='ocrx_word' id='word_1_175' title='bbox 2107 2951 2321 3021; x_wconf 87' lang='lat' dir='ltr'>thesin</span> <span class='ocrx_word' id='word_1_176' title='bbox 2376 2950 2643 3034; x_wconf 86' lang='lat' dir='ltr'>desinit,</span> <span class='ocrx_word' id='word_1_177' title='bbox 2706 2951 2917 3019; x_wconf 89' lang='lat' dir='ltr'>thesin</span> 
     </span>
     <span class='ocr_line' id='line_1_24' title="bbox 608 3052 2916 3137; baseline 0 -17"><span class='ocrx_word' id='word_1_178' title='bbox 608 3053 945 3120; x_wconf 84' lang='lat' dir='ltr'>statuimus</span> <span class='ocrx_word' id='word_1_179' title='bbox 992 3072 1135 3119; x_wconf 89' lang='lat' dir='ltr'>esse</span> <span class='ocrx_word' id='word_1_180' title='bbox 1179 3052 1560 3119; x_wconf 89' lang='lat' dir='ltr'>rationalem</span> <span class='ocrx_word' id='word_1_181' title='bbox 1622 3059 1817 3136; x_wconf 91' lang='lat' dir='ltr'>atque</span> <span class='ocrx_word' id='word_1_182' title='bbox 1873 3054 2003 3119; x_wconf 88' lang='lat' dir='ltr'>ictu</span> <span class='ocrx_word' id='word_1_183' title='bbox 2060 3054 2358 3137; x_wconf 84' lang='lat' dir='ltr'>graviore</span> <span class='ocrx_word' id='word_1_184' title='bbox 2416 3072 2795 3136; x_wconf 87' lang='lat' dir='ltr'>percussam</span> <span class='ocrx_word' id='word_1_185' title='bbox 2842 3074 2916 3121; x_wconf 89' lang='lat' dir='ltr'>ea</span> 
     </span>
     <span class='ocr_line' id='line_1_25' title="bbox 607 3153 2915 3238; baseline 0 -15"><span class='ocrx_word' id='word_1_186' title='bbox 607 3156 689 3223; x_wconf 90' lang='lat' dir='ltr'>de</span> <span class='ocrx_word' id='word_1_187' title='bbox 746 3175 972 3238; x_wconf 85' lang='lat' dir='ltr'>causa,</span> <span class='ocrx_word' id='word_1_188' title='bbox 1030 3174 1111 3223; x_wconf 92' lang='lat' dir='ltr'>ne</span> <span class='ocrx_word' id='word_1_189' title='bbox 1167 3156 1231 3220; x_wconf 95' lang='lat' dir='ltr'>in</span> <span class='ocrx_word' id='word_1_190' title='bbox 1290 3153 1604 3221; x_wconf 90' lang='lat' dir='ltr'>infinitum</span> <span class='ocrx_word' id='word_1_191' title='bbox 1663 3161 1961 3222; x_wconf 90' lang='lat' dir='ltr'>excurrat</span> <span class='ocrx_word' id='word_1_192' title='bbox 2015 3174 2180 3221; x_wconf 83' lang='lat' dir='ltr'>neve</span> <span class='ocrx_word' id='word_1_193' title='bbox 2244 3155 2527 3223; x_wconf 89' lang='lat' dir='ltr'>debilem</span> <span class='ocrx_word' id='word_1_194' title='bbox 2584 3155 2915 3223; x_wconf 86' lang='lat' dir='ltr'>effemina-</span> 
     </span>
     <span class='ocr_line' id='line_1_26' title="bbox 607 3257 2917 3343; baseline -0 -18"><span class='ocrx_word' id='word_1_195' title='bbox 607 3266 869 3342; x_wconf 88' lang='lat' dir='ltr'>tumque</span> <span class='ocrx_word' id='word_1_196' title='bbox 914 3259 1224 3343; x_wconf 90' lang='lat' dir='ltr'>praebeat</span> <span class='ocrx_word' id='word_1_197' title='bbox 1269 3258 1529 3325; x_wconf 89' lang='lat' dir='ltr'>exitum.</span> <span class='ocrx_word' id='word_1_198' title='bbox 1604 3259 1700 3324; x_wconf 87' lang='lat' dir='ltr'>Ea</span> <span class='ocrx_word' id='word_1_199' title='bbox 1743 3259 1914 3324; x_wconf 91' lang='lat' dir='ltr'>enim</span> <span class='ocrx_word' id='word_1_200' title='bbox 1945 3258 2028 3325; x_wconf 96' lang='lat' dir='ltr'>de</span> <span class='ocrx_word' id='word_1_201' title='bbox 2057 3277 2255 3326; x_wconf 87' lang='lat' dir='ltr'>causa</span> <span class='ocrx_word' id='word_1_202' title='bbox 2284 3264 2726 3325; x_wconf 89' lang='lat' dir='ltr'>tetrametrum</span> <span class='ocrx_word' id='word_1_203' title='bbox 2757 3257 2917 3324; x_wconf 88' lang='lat' dir='ltr'>illud</span> 
     </span>
     <span class='ocr_line' id='line_1_27' title="bbox 606 3358 2918 3446; baseline 0 -18"><span class='ocrx_word' id='word_1_204' title='bbox 606 3360 1000 3428; x_wconf 89' lang='lat' dir='ltr'>trochaicum</span> <span class='ocrx_word' id='word_1_205' title='bbox 1017 3412 1033 3444; x_wconf 95' lang='lat'>,</span> <span class='ocrx_word' id='word_1_206' title='bbox 1089 3360 1261 3444; x_wconf 87' lang='lat' dir='ltr'>quod</span> <span class='ocrx_word' id='word_1_207' title='bbox 1317 3358 1486 3425; x_wconf 81' lang='grc' dir='ltr'><strong><em>κατὰ</em></strong></span> <span class='ocrx_word' id='word_1_208' title='bbox 1549 3365 1775 3441; x_wconf 82' lang='grc' dir='ltr'><strong><em>στίχον</em></strong></span> <span class='ocrx_word' id='word_1_209' title='bbox 1827 3360 2199 3446; x_wconf 89' lang='lat' dir='ltr'>adhibetur,</span> <span class='ocrx_word' id='word_1_210' title='bbox 2270 3362 2716 3429; x_wconf 91' lang='lat' dir='ltr'>catalecticum</span> <span class='ocrx_word' id='word_1_211' title='bbox 2778 3380 2918 3429; x_wconf 85' lang='lat' dir='ltr'>esse</span> 
     </span>
     <span class='ocr_line' id='line_1_28' title="bbox 608 3461 2917 3548; baseline 0.001 -20"><span class='ocrx_word' id='word_1_212' title='bbox 608 3461 881 3529; x_wconf 84' lang='lat' dir='ltr'>videtur.</span> <span class='ocrx_word' id='word_1_213' title='bbox 956 3462 1182 3530; x_wconf 91' lang='lat' dir='ltr'>Partes</span> <span class='ocrx_word' id='word_1_214' title='bbox 1214 3464 1384 3530; x_wconf 90' lang='lat' dir='ltr'>enim</span> <span class='ocrx_word' id='word_1_215' title='bbox 1416 3464 1553 3531; x_wconf 87' lang='lat' dir='ltr'>eius</span> <span class='ocrx_word' id='word_1_216' title='bbox 1584 3482 1794 3547; x_wconf 92' lang='lat' dir='ltr'>aeque</span> <span class='ocrx_word' id='word_1_217' title='bbox 1825 3470 2237 3547; x_wconf 91' lang='lat' dir='ltr'>comparatae</span> <span class='ocrx_word' id='word_1_218' title='bbox 2268 3471 2432 3547; x_wconf 91' lang='lat' dir='ltr'>sunt,</span> <span class='ocrx_word' id='word_1_219' title='bbox 2464 3470 2917 3548; x_wconf 88' lang='lat' dir='ltr'>praeterquam</span> 
     </span>
     <span class='ocr_line' id='line_1_29' title="bbox 610 3564 2924 3653; baseline 0.001 -22"><span class='ocrx_word' id='word_1_220' title='bbox 610 3564 781 3648; x_wconf 91' lang='lat' dir='ltr'>quod</span> <span class='ocrx_word' id='word_1_221' title='bbox 800 3614 816 3647; x_wconf 92' lang='lat'>,</span> <span class='ocrx_word' id='word_1_222' title='bbox 861 3584 1007 3632; x_wconf 90' lang='lat' dir='ltr'>cum</span> <span class='ocrx_word' id='word_1_223' title='bbox 1052 3567 1117 3630; x_wconf 92' lang='lat' dir='ltr'>in</span> <span class='ocrx_word' id='word_1_224' title='bbox 1162 3567 1368 3633; x_wconf 88' lang='lat' dir='ltr'>altera</span> <span class='ocrx_word' id='word_1_225' title='bbox 1410 3572 1595 3650; x_wconf 91' lang='lat' dir='ltr'>parte</span> <span class='ocrx_word' id='word_1_226' title='bbox 1639 3572 1902 3632; x_wconf 84' lang='lat' dir='ltr'>ventum</span> <span class='ocrx_word' id='word_1_227' title='bbox 1949 3573 2046 3633; x_wconf 91' lang='lat' dir='ltr'>est</span> <span class='ocrx_word' id='word_1_228' title='bbox 2089 3565 2177 3633; x_wconf 88' lang='lat' dir='ltr'>ad</span> <span class='ocrx_word' id='word_1_229' title='bbox 2220 3565 2432 3634; x_wconf 89' lang='lat' dir='ltr'>thesin</span> <span class='ocrx_word' id='word_1_230' title='bbox 2478 3573 2808 3653; x_wconf 90' lang='lat' dir='ltr'>quartam,</span> <span class='ocrx_word' id='word_1_231' title='bbox 2856 3574 2924 3634; x_wconf 89' lang='lat' dir='ltr'>ut</span> 
     </span>
     <span class='ocr_line' id='line_1_30' title="bbox 609 3665 2921 3757; baseline 0.002 -25"><span class='ocrx_word' id='word_1_232' title='bbox 609 3665 843 3733; x_wconf 86' lang='lat' dir='ltr'>debilis</span> <span class='ocrx_word' id='word_1_233' title='bbox 891 3668 1103 3733; x_wconf 88' lang='lat' dir='ltr'>exitus</span> <span class='ocrx_word' id='word_1_234' title='bbox 1148 3669 1214 3734; x_wconf 91' lang='lat' dir='ltr'>in</span> <span class='ocrx_word' id='word_1_235' title='bbox 1259 3667 1386 3735; x_wconf 87' lang='lat' dir='ltr'>duo</span> <span class='ocrx_word' id='word_1_236' title='bbox 1432 3675 1725 3752; x_wconf 89' lang='lat' dir='ltr'>tempora</span> <span class='ocrx_word' id='word_1_237' title='bbox 1770 3669 2168 3757; x_wconf 86' lang='lat' dir='ltr'>irrationalia</span> <span class='ocrx_word' id='word_1_238' title='bbox 2213 3668 2576 3752; x_wconf 83' lang='lat' dir='ltr'>effugiatur,</span> <span class='ocrx_word' id='word_1_239' title='bbox 2624 3668 2921 3736; x_wconf 91' lang='lat' dir='ltr'>ultimum</span> 
     </span>
     <span class='ocr_line' id='line_1_31' title="bbox 608 3770 2921 3855; baseline 0.001 -19"><span class='ocrx_word' id='word_1_240' title='bbox 608 3776 860 3853; x_wconf 90' lang='lat' dir='ltr'>tempus</span> <span class='ocrx_word' id='word_1_241' title='bbox 903 3770 1096 3835; x_wconf 87' lang='lat' dir='ltr'>inane</span> <span class='ocrx_word' id='word_1_242' title='bbox 1139 3770 1534 3854; x_wconf 88' lang='lat' dir='ltr'>relinquitur.</span> <span class='ocrx_word' id='word_1_243' title='bbox 1611 3772 1773 3838; x_wconf 92' lang='lat' dir='ltr'>Item</span> <span class='ocrx_word' id='word_1_244' title='bbox 1805 3778 2095 3838; x_wconf 88' lang='lat' dir='ltr'>extrema</span> <span class='ocrx_word' id='word_1_245' title='bbox 2135 3791 2362 3839; x_wconf 85' lang='lat' dir='ltr'>versus</span> <span class='ocrx_word' id='word_1_246' title='bbox 2405 3770 2607 3839; x_wconf 89' lang='lat' dir='ltr'>thesis</span> <span class='ocrx_word' id='word_1_247' title='bbox 2642 3772 2921 3855; x_wconf 90' lang='lat' dir='ltr'>plerum·</span> 
     </span>
     <span class='ocr_line' id='line_1_32' title="bbox 610 3871 2924 3958; baseline 0.001 -21"><span class='ocrx_word' id='word_1_248' title='bbox 610 3890 733 3954; x_wconf 89' lang='lat' dir='ltr'>que</span> <span class='ocrx_word' id='word_1_249' title='bbox 777 3871 1111 3938; x_wconf 90' lang='lat' dir='ltr'>rationalis</span> <span class='ocrx_word' id='word_1_250' title='bbox 1157 3891 1298 3939; x_wconf 89' lang='lat' dir='ltr'>esse</span> <span class='ocrx_word' id='word_1_251' title='bbox 1344 3872 1505 3939; x_wconf 92' lang='lat' dir='ltr'>mihi</span> <span class='ocrx_word' id='word_1_252' title='bbox 1550 3872 1841 3958; x_wconf 85' lang='lat' dir='ltr'>videtur,</span> <span class='ocrx_word' id='word_1_253' title='bbox 1901 3874 1956 3941; x_wconf 93' lang='lat' dir='ltr'>si</span> <span class='ocrx_word' id='word_1_254' title='bbox 2015 3875 2079 3941; x_wconf 91' lang='lat' dir='ltr'>ei</span> <span class='ocrx_word' id='word_1_255' title='bbox 2136 3874 2395 3941; x_wconf 88' lang='lat' dir='ltr'>additur</span> <span class='ocrx_word' id='word_1_256' title='bbox 2451 3873 2615 3941; x_wconf 88' lang='lat' dir='ltr'>arsis</span> <span class='ocrx_word' id='word_1_257' title='bbox 2663 3882 2924 3958; x_wconf 89' lang='lat' dir='ltr'>praeter</span> 
     </span>
     <span class='ocr_line' id='line_1_33' title="bbox 608 3973 2924 4061; baseline 0.002 -22"><span class='ocrx_word' id='word_1_258' title='bbox 608 3973 857 4040; x_wconf 91' lang='lat' dir='ltr'>numeri</span> <span class='ocrx_word' id='word_1_259' title='bbox 886 3975 1165 4057; x_wconf 91' lang='lat' dir='ltr'>spatium</span> <span class='ocrx_word' id='word_1_260' title='bbox 1197 3974 1407 4058; x_wconf 86' lang='lat' dir='ltr'>longa.</span> <span class='ocrx_word' id='word_1_261' title='bbox 1481 3975 1672 4055; x_wconf 78' lang='lat' dir='ltr'>Quod</span> <span class='ocrx_word' id='word_1_262' title='bbox 1717 3982 1788 4043; x_wconf 93' lang='lat' dir='ltr'>ut</span> <span class='ocrx_word' id='word_1_263' title='bbox 1817 3975 2216 4044; x_wconf 89' lang='lat' dir='ltr'>documentis</span> <span class='ocrx_word' id='word_1_264' title='bbox 2263 3977 2454 4045; x_wconf 88' lang='lat' dir='ltr'>certis</span> <span class='ocrx_word' id='word_1_265' title='bbox 2497 3977 2765 4061; x_wconf 89' lang='lat' dir='ltr'>probari</span> <span class='ocrx_word' id='word_1_266' title='bbox 2797 3998 2924 4045; x_wconf 90' lang='lat' dir='ltr'>non</span> 
     </span>
     <span class='ocr_line' id='line_1_34' title="bbox 608 4076 2922 4163; baseline 0.001 -20"><span class='ocrx_word' id='word_1_267' title='bbox 608 4095 799 4161; x_wconf 87' lang='lat' dir='ltr'>posse</span> <span class='ocrx_word' id='word_1_268' title='bbox 831 4076 1135 4162; x_wconf 86' lang='lat' dir='ltr'>concedo,</span> <span class='ocrx_word' id='word_1_269' title='bbox 1168 4077 1259 4144; x_wconf 84' lang='lat' dir='ltr'>ita</span> <span class='ocrx_word' id='word_1_270' title='bbox 1288 4078 1573 4146; x_wconf 88' lang='lat' dir='ltr'>maxime</span> <span class='ocrx_word' id='word_1_271' title='bbox 1604 4085 1703 4146; x_wconf 89' lang='lat' dir='ltr'>est</span> <span class='ocrx_word' id='word_1_272' title='bbox 1731 4087 2248 4147; x_wconf 90' lang='lat' dir='ltr'>consentaneum.</span> <span class='ocrx_word' id='word_1_273' title='bbox 2311 4077 2717 4163; x_wconf 79' lang='lat' dir='ltr'>Quamquam</span> <span class='ocrx_word' id='word_1_274' title='bbox 2753 4082 2922 4147; x_wconf 90' lang='lat' dir='ltr'>enim</span> 
     </span>
    </p>
   </div>
  </div>
 </body>
</html>
