3177 4960
833 381 917 435 De
950 380 1362 436 irrationalitate
1396 379 1582 435 studia
1617 380 1937 449 rhythmica.
2417 381 2544 439 215

216 558 387 622 tium
433 556 621 621 abest
665 575 707 620 a
751 575 868 620 sex
914 554 1253 621 ebroarum
1298 554 1689 637 simplicium
1749 554 2102 619 intervallis
2148 554 2542 636 compositis.

215 655 516 735 Quocum
585 663 831 742 pugnat
888 655 1467 723 Pseudo-Euclidis
1530 659 1619 737 (p.
1659 656 1762 733 16)
1818 661 1882 721 et
1925 655 2232 739 Bryennii
2277 664 2361 740 (p.
2397 657 2544 733 385)

216 764 648 844 systematum
695 759 1163 826 irrationalium
1210 757 1530 825 definitio:
1583 758 1665 843 τῇ
1711 755 1784 822 δὲ
1828 758 1949 822 τοῦ
1992 755 2193 844 ῥητοῦ
2234 756 2346 821 καὶ
2394 747 2542 821 ‹3126-

211 884 339 945 γου
401 860 702 948 διαφορᾷ
758 860 1002 926 διοίσει
1060 858 1448 946 συστήματα
1505 856 1637 924 ὅσα
1682 855 1753 923 ἐκ
1798 858 2015 946 ῥητῶν
2076 856 2544 945 διαστημάτων

216 961 566 1047 σύγκειται
610 965 743 1028 τῶν
791 960 864 1040 ἕξ
893 954 1187 1046 ἆλόγων·
1236 960 1365 1028 δ’σα
1405 960 1527 1044 μὲν
1557 958 1686 1047 γὰρ
1732 959 1919 1049 ῥητὰ,
1966 957 2040 1027 ἔκ
2083 961 2299 1048 ῥητῶν
2331 959 2542 1026 ἐστίν·

215 1057 354 1130 όσα
401 1064 474 1130 δὲ
522 1059 755 1148 ἄλογα,
802 1062 876 1142 ἐξ
919 1057 1178 1148 ἀλόγων
1224 1055 1376 1144 (ὅσοι
1422 1063 1493 1129 δὲ
1542 1061 1617 1141 ἐξ
1652 1057 1930 1148 ἀλόγων,
1980 1058 2188 1147 ἄλογα
2220 1065 2540 1146 Bryenn.).

213 1169 305 1234 At
350 1188 496 1235 eam
542 1189 670 1236 non
713 1170 1207 1236 Aristoxeneam
1253 1187 1395 1234 esse
1439 1169 1550 1234 vel
1595 1168 1870 1234 elocutio
1917 1169 2224 1251 coarguit.

1144 1491 1433 1558 CAPUT
1481 1490 1621 1555 VII.

668 1659 673 1665 ·
786 1623 902 1702 De
957 1626 1252 1703 vocibus
1307 1624 1521 1723 λόγος
1576 1630 1652 1701 et
1703 1624 1991 1723 ἀλογία.

401 1780 566 1846 Cum
607 1780 802 1863 igitur
831 1782 1345 1863 cognoverimus,
1391 1798 1557 1862 quae
1591 1780 1950 1860 intervalla,
1995 1798 2163 1861 quae
2194 1785 2545 1862 systemata

219 1882 521 1949 dicantur
566 1883 926 1963 rationalia,
973 1901 1139 1965 quae
1184 1882 1617 1963 irrationalia,
1664 1884 1980 1965 sequitur,
2026 1888 2095 1946 ut
2139 1899 2542 1964 quaeramuS,

220 2005 338 2052 cur
393 1985 483 2049 ita
529 1985 658 2050 sint
713 1984 903 2051 dicta.
993 1978 1267 2067 Ἄλογον
1314 2004 1477 2067 esse,
1525 1984 1704 2067 quod
1751 1981 1948 2067 λόγον
1994 2004 2121 2049 non
2165 1983 2381 2064 habet,
2426 2003 2545 2067 per

219 2107 293 2155 se
352 2086 587 2171 liquet:
657 2083 850 2169 λόγον
909 2107 1065 2170 vero
1121 2088 1601 2171 proportionem
1663 2087 2078 2163 (Verbaltnis)
2139 2087 2544 2170 interpretari

221 2188 400 2255 haud
434 2190 714 2255 cunctati
745 2190 868 2254 viri
914 2189 1087 2254 docti
1132 2196 1492 2272 temporum
1538 2189 2005 2256 irrationalium
2047 2189 2372 2254 notionem
2403 2188 2544 2252 Ari-

223 2297 604 2357 stoxeneam
663 2312 705 2356 a
748 2291 1096 2374 Dionysio,
1153 2290 1473 2375 Aristide,
1533 2290 1819 2357 Bacchio
1878 2291 2039 2357 locis
2090 2310 2287 2374 supra
2328 2290 2544 2356 allatis

221 2413 532 2479 perverse
559 2395 946 2477 explicatam
974 2414 1115 2460 esse
1148 2394 1612 2460 contenderunt
1646 2391 2026 2475 (Westphal.
2059 2393 2207 2476 Frg.
2233 2412 2293 2457 u.
2319 2389 2541 2457 Lehrs.

221 2518 287 2582 p.
322 2498 470 2578 221,
500 2497 701 2581 alias;
733 2499 867 2579 alii,
901 2497 1078 2563 velut
1108 2497 1347 2563 Caesar
1375 2518 1483 2582 pp.
1526 2502 1665 2561 110.
1701 2500 1842 2576 286,
1877 2495 2129 2562 Grafius
2158 2515 2221 2578 p.
2255 2499 2356 2576 39,
2390 2496 2541 2560 Dio-

224 2600 485 2682 nysium
519 2599 834 2683 imprimis
880 2600 1300 2684 impugnant).
1390 2600 1477 2664 At
1507 2620 1653 2664 cum
1684 2599 2317 2665 Halicarnassensem
2362 2596 2541 2660 illum

226 2701 494 2784 quidem
527 2701 592 2766 in
622 2721 858 2784 graeca
902 2702 1127 2784 lingua
1169 2702 1528 2784 litterisque
1576 2700 1753 2767 haud
1783 2700 2191 2767 mediocriter
2221 2705 2543 2765 versatum

225 2812 291 2869 et
335 2803 636 2871 edoctum
686 2825 828 2871 esse
875 2806 1184 2886 sciamus,
1243 2804 1506 2870 dubium
1569 2810 1699 2887 est,
1759 2825 1844 2870 an
1897 2805 1995 2869 illi
2057 2800 2250 2885 λόγον
2308 2803 2544 2868 rectius

225 2907 701 2992 explicaverint
744 2927 938 2990 quam
985 2908 1186 2973 nostri
1228 2906 1540 2974 homines.
1632 2906 1710 2972 Id
1752 2914 1966 2973 autem
2011 2905 2354 2972 tenendum
2403 2924 2546 2972 esse

221 3017 410 3093 puto,
470 3016 543 3076 ut
585 3011 953 3077 Aristoxeni
1009 3011 1302 3077 notiones
1346 3030 1423 3076 ac
1480 3011 1682 3076 verba
1727 3031 1809 3076 ex
1866 3010 2068 3093 ipsius
2125 3016 2368 3074 tantum
2427 3027 2548 3073 usu

224 3132 303 3179 ac
349 3113 601 3178 ratione
646 3112 1156 3196 interpretemur,
1202 3131 1411 3195 neque
1455 3132 1613 3178 vero
1661 3114 2146 3195 acquiescamus
2191 3112 2256 3174 in
2301 3110 2546 3175 mathe-

226 3215 628 3296 maticorum,
663 3216 774 3297 qui
805 3222 939 3279 tum
966 3222 1166 3296 erant,
1201 3234 1338 3297 usu,
1385 3215 1563 3281 velut
1595 3214 1907 3296 Euclidis,
1954 3214 2063 3296 qui
2092 3213 2258 3277 libro
2291 3212 2545 3276 decimo

233 3317 599 3384 doctrinam
646 3316 729 3382 de
776 3317 1090 3382 linearum
1134 3316 1566 3382 rationalitate
1614 3324 1679 3382 et
1723 3316 2208 3382 irrationalitate
2251 3314 2550 3378 tractavit

228 3427 427 3501 atque
487 3417 833 3484 artificiose
879 3419 1195 3502 excoluit,
1255 3426 1319 3483 et
1376 3419 1555 3500 libri,
1615 3419 1726 3501 qui
1781 3419 1946 3482 inter
1989 3417 2408 3482 Aristoteleos
2452 3417 2546 3482 in-

227 3521 485 3586 venitur
510 3525 574 3584 et
604 3520 971 3586 inscribitur
1002 3521 1159 3605 περὶ
1192 3511 1460 3602 ἀτόμων
1490 3520 1830 3603 γραμμῶν,
1864 3521 2161 3600 auctoris,
2195 3520 2304 3602 qui
2341 3519 2547 3586 Eucli-

228 3623 328 3689 dis
373 3623 660 3688 rationes
707 3622 1012 3705 sequitur.

401 3722 750 3800 Quaeritur
779 3729 1016 3805 autem,
1049 3743 1324 3806 quocum
1355 3724 1714 3791 intervallis
1745 3725 2164 3791 rationalibus
2196 3724 2551 3790 intercedat

228 3826 584 3911 proportio.
674 3825 776 3890 An
809 3846 954 3891 cum
1001 3826 1343 3892 intervallo
1388 3826 1645 3911 primo?
1733 3828 1821 3893 At
1850 3826 2189 3893 monadem
2235 3827 2321 3892 ad
2365 3846 2548 3892 usum

226 3933 654 4012 spectantem,
701 3948 831 4011 qua
870 3928 1213 3994 intervalla
1240 3928 1584 3995 rationalia
1616 3931 2108 4014 commetiretur,
2153 3930 2549 3995 irrationalia

229 4029 591 4097 commetiri
638 4050 709 4096 se
753 4049 946 4113 posse
988 4036 1289 4113 negaret,
1346 4052 1474 4098 non
1519 4033 1814 4116 posuisse
1858 4033 2311 4099 Aristoxenum
2356 4050 2550 4113 supra

231 4132 590 4198 docuimus.
681 4132 893 4216 Atque
926 4133 1177 4199 etiamsi
1208 4133 1547 4199 intervalla
1577 4136 1919 4202 rationalia
1950 4136 2164 4199 omnia
2191 4133 2274 4198 ad
2320 4132 2547 4199 vicesi-
