3177 4960
523 352 643 410 178
1486 349 1645 418 Hugo
1681 350 1716 403 J
1720 354 1872 404 usatz

690 525 976 591 Solvitur
1019 530 1235 589 autem
1280 523 1580 607 glyconei
1617 524 2018 604 aliorumque
2049 527 2412 605 metrorum,
2460 542 2627 606 quae
2660 529 2829 588 cata-

519 629 751 693 lectica
795 645 937 691 esse
968 624 1330 705 creduntur,
1377 623 1578 688 thesis
1617 623 1844 688 ultima
1874 642 2149 707 quoque.
2238 623 2467 705 Neque
2497 643 2651 689 vero
2685 625 2825 689 bre-

519 731 707 796 vibus
738 729 904 793 binis
935 728 1263 792 trisemum
1294 731 1790 791 tetrasemumve
1815 726 2092 808 spatium
2125 725 2375 810 expleri
2405 745 2597 808 posse
2621 728 2827 809 magis

520 836 1018 897 consentaneum
1064 835 1179 894 est.
1194 830 1238 904 ¹)
1345 826 1533 905 Quod
1578 835 1761 893 erant
1805 834 2009 909 certe,
2057 829 2169 911 qui
2213 828 2572 893 inauditum
2616 847 2827 912 neque

521 935 653 999 ullo
679 939 968 999 veterum
991 932 1356 997 testimonio
1379 932 1720 1015 probatum
1746 949 1889 995 esse
1913 930 2339 996 concederent
2359 929 2618 1005 (Christ.
2643 931 2824 996 Metr.

523 1036 623 1100 ed.
653 1036 718 1100 II
749 1055 810 1119 p.
845 1036 951 1112 99)
996 1053 1116 1100 nec
1146 1053 1257 1100 cur
1299 1032 1414 1098 fiat
1440 1034 1633 1099 facile
1679 1033 2009 1098 intellectu
2048 1052 2191 1098 esse
2223 1031 2670 1098 confiterentur
2712 1033 2823 1110 (id.

518 1158 582 1221 p.
618 1140 797 1219 358),
857 1144 1072 1202 tamen
1118 1135 1526 1201 difficultates
1572 1137 1922 1218 praeterire
1968 1155 2160 1218 quam
2206 1155 2435 1216 urgere
2480 1136 2825 1216 malebant,

518 1260 663 1306 cum
711 1247 776 1305 et
804 1221 1256 1322 exemplorum·
1282 1240 1673 1323 paucitatem
1707 1245 1771 1303 et
1801 1244 2135 1321 poetarum
2181 1240 2335 1303 artis
2368 1257 2521 1304 suae
2567 1239 2827 1320 imperi·

520 1344 676 1408 tiam
722 1349 915 1424 atque
960 1342 1272 1407 incuriam
1316 1347 1698 1407 excusarent
1743 1341 1853 1417 (id.
1884 1360 1946 1423 p.
1980 1342 2108 1417 95).

691 1445 808 1510 Cui
826 1444 1114 1527 opinioni
1130 1445 1267 1509 iure
1278 1443 1660 1511 adversatur
1671 1444 1961 1510 Blassius
1986 1434 2219 1520 (annal.
2236 1441 2464 1526 philol.
2481 1442 2829 1509 CXXXIII

519 1568 583 1631 p.
617 1549 799 1624 463):
845 1544 1248 1630 rhythmicae
1294 1547 1463 1611 enim
1496 1546 1857 1612 docendum
1905 1567 2047 1613 esse
2092 1566 2219 1612 non
2265 1546 2587 1629 quomodo
2617 1546 2827 1629 poetis

519 1650 807 1717 carmina
850 1648 1293 1737 componenda
1334 1649 1599 1731 fuerint,
1658 1650 1773 1715 sed
1822 1650 2143 1731 quomodo
2202 1651 2286 1715 ab
2331 1650 2426 1715 eis
2471 1648 2829 1732 composita

520 1755 663 1819 sint.
752 1753 884 1817 Alii
930 1771 1084 1817 vero
1127 1751 1255 1829 (Fr.
1286 1749 1709 1817 Ristschelius
1753 1752 1928 1837 apud
1971 1752 2351 1819 Brambach.
2401 1751 2520 1816 Rh.
2554 1772 2613 1817 u.
2646 1755 2824 1816 metr.

696 1905 742 1965 1)
779 1899 1034 1953 Ultimam
1065 1900 1214 1953 illam
1249 1916 1359 1954 non
1394 1900 1539 1954 ultra
1583 1901 1819 1973 spatium
1866 1902 2125 1958 disemum
2171 1904 2494 1973 productam
2541 1916 2661 1955 esse
2696 1900 2827 1954 mihi

519 1986 601 2038 vel
637 1999 701 2038 eo
738 1983 1118 2052 persuadetur,
1158 1984 1327 2052 quod,
1367 1986 1575 2052 quoties
1619 1993 1845 2040 metrum
1892 1988 2088 2042 desinit
2125 1989 2284 2043 simul
2320 2005 2442 2043 cum
2479 1986 2671 2051 verbe,
2716 2001 2827 2040 non

519 2070 678 2124 modo
717 2068 991 2122 rarissime
1026 2070 1373 2123 inveniuntur
1406 2085 1613 2138 anceps
1648 2072 1857 2140 syllaba
1892 2077 1949 2127 et
1981 2075 2179 2140 hiatus,
2217 2074 2312 2129 sed
2346 2072 2629 2127 intercedit
2662 2071 2824 2125 etiam

516 2171 584 2209 ea
607 2155 846 2225 syllabae
882 2154 1148 2223 positione
1185 2154 1377 2222 longae
1413 2156 1640 2224 species,
1675 2156 1733 2210 in
1758 2174 1865 2225 qua
1888 2161 2089 2215 vocalis
2123 2160 2301 2216 brevis
2337 2158 2655 2229 producitur
2688 2158 2824 2212 dua·

515 2241 617 2294 bus
656 2239 1109 2307 consonantibus,
1145 2254 1180 2292 a
1214 2241 1409 2308 quibus
1446 2241 1603 2294 metri
1637 2245 1910 2309 sequentis
1944 2245 2120 2314 prima
2153 2246 2347 2316 incipit
2379 2262 2499 2300 vox.
2571 2244 2735 2298 Hunc
2769 2244 2826 2297 in

515 2325 732 2379 modum
768 2331 1082 2393 comparata
1116 2330 1244 2379 sunt
1276 2326 1332 2378 in
1367 2326 1727 2381 Anacreontis
1761 2330 2143 2398 glyconeorum
2176 2331 2415 2400 reliquiis
2450 2330 2691 2400 syllabae
2726 2344 2823 2382 an-

518 2410 714 2482 cipitis,
752 2426 890 2479 quae
924 2410 1153 2474 videtur,
1196 2412 1441 2480 exempla
1475 2413 1610 2465 tria:
1665 2418 1707 2483 l,
1738 2419 1792 2468 1:
1831 2419 2152 2487 γουνοῦμαί
2187 2410 2264 2483 σ’,
2300 2409 2826 2489 ἐλαφηβόλεΙξανθὴ

515 2506 623 2554 παῖ
645 2492 800 2563 Διὸς,
837 2491 1084 2569 ἄγρίων;
1121 2504 1168 2563 5,
1199 2503 1251 2567 1;
1289 2503 1338 2565 9,
1366 2503 1424 2567 2;
1459 2499 1601 2553 adde
1633 2500 1791 2556 Pind.
1828 2501 1911 2556 01.
1947 2503 1974 2555 I
2014 2510 2061 2560 1.
2096 2504 2193 2573 Py.
2231 2504 2286 2557 11
2326 2509 2405 2559 15.
2480 2502 2648 2571 Soph.
2686 2502 2825 2556 Oed.

515 2582 629 2637 Col.
669 2586 786 2637 684.
858 2583 990 2636 Eur.
1030 2582 1230 2637 Troad.
1287 2587 1443 2652 1063;
1488 2584 1617 2637 item
1664 2586 1719 2638 in
1769 2586 2089 2654 tetrapodiis
2136 2590 2425 2644 trochaicis
2474 2587 2827 2652 catalecticis,

513 2683 654 2736 quae
690 2668 962 2722 videntur:
999 2669 1197 2722 Aesch.
1234 2668 1421 2737 Suppl.
1465 2673 1581 2724 796.
1638 2672 1738 2737 Ag.
1768 2675 1886 2725 441.
1943 2672 2184 2742 Ghoeph.
2224 2678 2340 2729 801.
2413 2673 2555 2742 Quin
2588 2674 2827 2742 spatium

513 2755 791 2808 trisemum
825 2768 1017 2822 parum
1055 2756 1335 2808 conveniet
1371 2771 1491 2808 cum
1526 2755 1795 2824 positione
1831 2757 2013 2826 debili,
2051 2775 2191 2829 quae
2225 2760 2368 2815 inest
2389 2760 2446 2814 in
2482 2761 2645 2816 verbo
2682 2760 2825 2815 binis

514 2839 697 2893 metris
733 2839 1021 2906 communi,
1054 2839 1201 2892 velut
1233 2839 1431 2894 Troad.
1475 2844 1770 2895 1064-65:

881 2920 1127 2995 σμύρνης
1163 2924 1425 2998 αἰθερίας
1459 2946 1523 2982 τε
1557 2924 1805 2993 καΙπνὸν
1838 2934 1935 2985 καὶ
1974 2931 2279 3003 Πέργαμον
2314 2927 2460 3004 ἱράν.

514 3009 668 3063 Adde
693 3011 820 3063 Ant.
851 3013 1112 3063 815—16:
1148 3006 1533 3082 ἐπινῦμΙφειός
1558 3009 1650 3068 πώ
1673 3014 1746 3083 μέ
1769 3036 1852 3081 τις
1874 3006 2051 3083 ὕμνος
2071 3008 2351 3089 ῧΙμνησεν,
2386 3009 2519 3073 ἀλλ’
2544 3021 2663 3073 κτλ.
2690 3016 2824 3071 Oed.

517 3093 632 3148 Col.
660 3098 777 3148 685.
806 3099 922 3149 687.
972 3094 1104 3149 Eur.
1132 3095 1220 3150 El.
1249 3101 1347 3150 445
1379 3097 1623 3166 aliosque
1657 3099 1824 3154 locos.
1875 3100 2015 3156 Nam
2040 3102 2088 3155 si
2109 3102 2297 3156 liceret
2330 3103 2571 3157 vocalem
2606 3102 2823 3156 brevem

515 3195 688 3248 usque
712 3179 782 3233 ad
805 3179 1079 3233 trisemum
1105 3195 1277 3248 paene
1299 3183 1535 3250 spatium
1571 3184 1872 3251 producere
1898 3216 1963 3224 —
1990 3187 2417 3243 consonantibus
2441 3188 2584 3241 enim
2609 3186 2823 3241 duabus

516 3271 681 3333 atque
715 3265 851 3319 adeo
888 3269 1068 3320 mutae
1105 3282 1227 3320 cum
1260 3267 1467 3335 liquida
1500 3273 1710 3321 tantam
1734 3270 1839 3323 vim
1864 3285 2019 3324 nemo
2050 3271 2154 3325 erit
2176 3272 2269 3340 qui
2291 3272 2570 3328 adscribat
2602 3303 2687 3340 --,
2726 3288 2827 3326 cur

515 3351 734 3404 tandem
770 3351 978 3420 syllaba
1012 3351 1096 3405 vel
1132 3355 1329 3407 natura
1364 3352 1511 3407 brevi
1547 3353 1811 3407 disemum
1844 3357 2084 3409 maiusve
2121 3357 2356 3425 spatium
2393 3372 2502 3412 non
2531 3357 2825 3425 explevere

515 3435 746 3504 poetae?
770 3430 1051 3505 Exemplis
1075 3440 1258 3491 autem
1281 3435 1448 3507 supra
1471 3439 1650 3493 allatis
1677 3439 1898 3494 Christii
1921 3442 2053 3505 (Zur
2071 3441 2273 3495 Metrik
2298 3442 2394 3497 der
2416 3458 2494 3511 gr.
2515 3442 2747 3511 Lyriker
2768 3460 2825 3495 u.

517 3521 865 3575 Dramatiker
900 3522 955 3574 in
979 3521 1343 3589 Sitzungsber.
1381 3523 1433 3577 d.
1471 3524 1622 3593 bayr.
1658 3525 1765 3578 Ak.
1809 3530 1938 3580 1869
1975 3527 2002 3579 I
2037 3543 2093 3595 p.
2120 3530 2219 3581 448
2241 3533 2379 3597 sqq.)
2415 3534 2470 3582 et
2492 3526 2699 3581 Reiteri
2734 3528 2824 3593 (de

516 3606 845 3675 syllabarum
867 3606 927 3659 in
949 3606 1635 3677 trisemamlongitudinem
1664 3610 2054 3677 productarum
2078 3628 2183 3666 usu
2207 3613 2507 3682 Aeschyleo
2532 3615 2587 3666 et
2611 3611 2826 3681 Sopho-

517 3692 635 3746 cleo
665 3694 816 3756 1877)
849 3690 1188 3759 redarguitur
1223 3692 1420 3761 opinio,
1457 3693 1614 3763 quasi
1636 3700 1883 3764 tempora
1906 3696 2015 3760 illa,
2054 3712 2194 3765 quae
2229 3696 2432 3752 disemo
2469 3697 2678 3752 maiora
2701 3712 2821 3751 esse

515 3781 728 3846 putant,
766 3775 988 3846 syllabis
1021 3776 1390 3845 exprimantur
1421 3778 1749 3848 praelongis.
1811 3780 2040 3835 Omnino
2065 3785 2245 3836 autem
2269 3783 2503 3836 alienum
2527 3797 2562 3834 a
2585 3787 2825 3836 veterum

517 3863 850 3917 Graecorum
891 3861 1157 3930 elegantia
1204 3864 1462 3932 cultuque
1497 3869 1551 3919 et
1585 3865 1766 3920 dicere
1802 3870 1858 3920 et
1894 3881 2088 3921 canere
2130 3869 2379 3937 χείλεσιν
2427 3865 2826 3939 διερῥυηκόσιν

517 3947 629 4013 (Ar.
666 3946 810 4002 Nub.
845 3951 981 4013 873).
1050 3946 1365 4016 Euripidem
1398 3949 1660 4017 videlicet,
1698 3967 1822 4004 cum
1845 3950 1901 4005 id
1926 3954 2152 4006 novaret
2186 3951 2365 4007 studio
2401 3951 2638 4021 quodam
2675 3969 2822 4008 com-

515 4033 706 4102 pulsus
742 4047 828 4087 res
864 4033 1148 4088 verborum
1182 4049 1316 4088 sono
1351 4034 1610 4089 reddendi
1645 4036 1751 4101 (El.
1780 4039 1906 4089 437:
1946 4031 2392 4105 εἳειλισσόμενος
2411 4058 2483 4092 ω
2505 4041 2631 4091 447:
2671 4044 2823 4108 Νυμ-

517 4121 694 4190 φαίας
729 4113 1010 4186 σκοπιὰς),
1048 4119 1284 4174 comicus
1321 4121 1521 4189 carpsit
1555 4120 1780 4189 parodia
1815 4120 1974 4186 (Ran.
2016 4125 2187 4188 1314).
