3177 4960
642 361 789 421 256.
1347 320 1355 326 ⁵
1610 353 1767 423 Hugo
1802 351 1994 408 Jusatz

640 530 1106 618 pyrrhichium.
1199 527 1387 607 Quod
1421 548 1564 594 cum
1612 525 1984 593 definitione
2016 524 2131 591 illa
2159 525 2588 591 Aristoxenea
2614 544 2657 590 a
2679 522 2962 608 pedibus

641 635 1080 719 singularibus
1125 629 1312 710 (ποδὶ
1362 626 1646 713 ἑκάστῳ)
1696 628 2171 695 irrationalibus
2202 628 2534 694 exclusum
2578 646 2722 694 esse
2768 646 2962 710 supra

644 739 1009 822 expositum
1042 737 1146 819 sit,
1194 742 1409 800 tamen
1441 753 1569 799 non
1598 733 1785 798 abest
1814 751 1854 796 a
1883 729 2410 814 rhythmopoeia3
2455 750 2605 796 nam
2636 730 2962 796 invenitur

645 838 714 905 ἐν
747 840 1036 924 ῥυθμοῖς
1056 856 1265 921 aeque
1288 856 1367 903 ac
1393 832 1627 918 χρόνος
1657 835 1769 900 ille
1803 825 2153 917 ἅῤῥυθμος
2181 831 2587 918 περίπλεως,
2619 832 2732 916 qui
2765 832 2959 899 etiam

641 943 936 1011 absolute
979 939 1339 1007 adhibetur.

1760 1071 1839 1136 D.

646 1215 758 1282 De
802 1212 1316 1297 temporibus
1360 1208 1686 1293 podicis
1730 1213 1808 1274 et
1851 1205 2531 1290 rhythmopoeiae
2574 1206 2957 1290 propriis.

818 1349 978 1416 Cum
1031 1353 1247 1413 autem
1293 1347 1359 1411 in
1405 1345 1499 1411 eis
1544 1343 1963 1426 differentiis,
2021 1342 2104 1408 de
2150 1342 2381 1426 quibus
2424 1342 2625 1409 verba
2668 1342 2955 1426 fecimus,

646 1461 941 1535 tempora
985 1453 1353 1534 spectentur
1395 1447 1694 1514 absoluta
1724 1452 1788 1512 et
1817 1466 1858 1511 a
1886 1443 2187 1528 rhythmo
2218 1444 2437 1528 aliquo
2468 1444 2695 1528 libera,
2742 1453 2959 1512 secuta

648 1557 746 1619 est
774 1553 906 1617 alia
952 1550 1338 1631 differentia,
1386 1567 1553 1631 quae
1597 1547 1876 1631 pertinet
1905 1545 1989 1612 ad
2020 1551 2312 1629 tempora
2342 1546 2409 1611 in
2437 1543 2742 1628 rhythmo
2789 1553 2955 1613 certo

646 1654 927 1738 quodam
973 1654 1204 1738 posita.
1294 1652 1395 1718 De
1442 1651 1674 1734 quibus
1716 1650 1904 1717 unice
1950 1654 2129 1715 extat
2180 1654 2374 1732 caput
2416 1648 2815 1715 Psellianum
2859 1669 2952 1716 oc·

646 1765 886 1824 tavum.
963 1757 1092 1823 Ubi
1122 1755 1568 1821 Aristoxenus:
1613 1749 1840 1836 χρόνοι
1871 1748 2163 1829 ποόικοὶ,
2195 1751 2418 1834 inquit,
2465 1756 2629 1834 sunt,
2663 1752 2774 1835 qui
2805 1758 2955 1819 tem·

568 1847 573 1851 ’
644 1879 767 1943 pus
812 1860 1102 1925 obtinent
1144 1862 1256 1922 aut
1301 1859 1577 1941 σημείου
1624 1851 1940 1932 ποόικοῦ,
1996 1854 2035 1918 i.
2085 1872 2139 1919 e.
2187 1854 2329 1919 sive
2372 1853 2534 1919 arsis
2578 1853 2722 1920 sive
2766 1855 2953 1938 basis,

647 1961 829 2027 velut
871 1962 936 2025 in
981 1957 1284 2042 rhythmo
1330 1956 1660 2024 trochaico
1707 1956 1909 2024 thesis
1953 1955 2205 2022 disema
2249 1960 2314 2022 et
2356 1956 2519 2022 arsis
2564 1975 2953 2040 monosema,

648 2068 761 2128 aut
790 2062 984 2128 totius
1014 2059 1223 2144 pediS,
1269 2059 1450 2125 velut
1484 2059 1748 2125 trisemi.
1825 2059 2150 2142 Tempora
2178 2063 2394 2124 autem
2423 2057 2954 2142 rhythmopoeiae

647 2162 913 2246 propria
954 2167 1101 2228 sunt
1160 2155 1720 2242 παραλλάττοντα
1762 2160 1976 2222 ταῦτα
2018 2154 2102 2222 τὰ
2148 2160 2403 2244 μεγέθη
2452 2154 2565 2223 ἐπὶ
2612 2156 2690 2223 τὸ
2738 2157 2953 2242 μεῖζον

649 2252 690 2346 ἢ
720 2258 797 2327 τὸ
832 2260 1127 2327 ἔλαττον.
1206 2260 1387 2340 Quae
1432 2262 1524 2327 ita
1566 2260 2004 2343 intellegenda
2048 2267 2212 2344 sunt,
2258 2266 2330 2326 ut
2361 2279 2461 2327 ex.
2501 2282 2595 2344 gr.
2627 2262 2695 2326 in
2741 2262 2951 2346 rhyth-

648 2367 951 2450 mopoeia
995 2363 1325 2432 trochaica
1366 2365 1529 2430 arsis
1560 2383 1689 2429 una
1733 2362 2055 2446 quaedam
2100 2382 2293 2448 supra
2336 2383 2776 2430 monosemum
2818 2386 2953 2450 spa-

648 2469 806 2535 tium
853 2468 1277 2554 producatur,
1337 2486 1464 2550 quo
1510 2467 1682 2533 facto
1729 2472 1981 2550 tempus
2038 2464 2576 2550 rhythmopoeiae
2633 2468 2953 2554 proprium

651 2570 900 2638 dicetur
946 2577 1010 2638 et
1053 2571 1218 2637 arsis
1264 2569 1578 2654 producta
1624 2574 1689 2635 et
1733 2574 1902 2635 totus
1958 2588 2075 2652 pes
2133 2569 2462 2636 trisemum
2521 2571 2809 2654 spatium
2854 2591 2950 2638 ex·

650 2672 921 2756 cedens,
979 2675 1046 2738 in
1092 2692 1218 2756 quo
1264 2673 1432 2737 inest
1474 2672 1638 2737 arsis
1696 2671 2031 2755 producta.
2121 2670 2192 2737 Si
2236 2678 2453 2739 autem
2506 2671 2795 2756 rhythmi
2839 2680 2951 2740 tro·

652 2774 865 2841 chaici
908 2794 1040 2840 una
1098 2772 1419 2856 quaedam
1475 2772 1677 2840 thesis
1737 2773 1986 2841 disema
2043 2775 2411 2860 corripitur,
2471 2776 2635 2854 item,
2678 2777 2954 2843 oriuntur

649 2883 943 2960 tempora
986 2874 1519 2959 rhythmopoeiae
1562 2877 1826 2959 propria
1881 2873 2441 2960 παραλλάττοντα
2487 2874 2600 2942 ἐπὶ
2644 2875 2722 2943 τὸ
2774 2876 2951 2945 ἔλατ-

649 3000 767 3041 τον
798 2983 909 3044 aut
937 2973 1056 3061 τὴν
1084 2973 1287 3059 βάσιν
1315 2983 1427 3043 aut
1455 2973 1573 3042 τὸν
1601 2981 1925 3063 τρίσημον
1970 2975 2175 3044 πόδα.
2248 2979 2478 3062 Itaque
2507 2981 2671 3047 arsis
2718 2981 2952 3050 disema

652 3086 716 3148 et
761 3079 962 3147 thesis
1024 3099 1397 3147 monosema
1455 3086 1520 3145 et
1563 3081 1757 3148 totius
1815 3081 2001 3165 pedis
2060 3082 2338 3166 spatium
2399 3088 2813 3151 tetrasemum
2854 3085 2950 3151 vel

650 3183 1000 3266 disemum,
1061 3182 1358 3266 quamvis
1403 3182 1530 3248 sint
1580 3179 1812 3266 χρόνοι
1871 3176 2231 3267 εὔρυθμοι,
2290 3191 2506 3251 tamen
2551 3186 2617 3250 in
2662 3186 2949 3271 rhythmo

648 3286 976 3353 trochaico
1033 3304 1161 3350 non
1219 3290 1367 3351 sunt
1421 3281 1726 3365 ποόικοὶ,
1794 3285 1911 3353 sed
1967 3284 2434 3369 ῥυθμοποιίας
2487 3283 2678 3352 ἰ’ὄιοι.
2783 3287 2950 3368 Quae

648 3394 1009 3472 temporum
1052 3386 1430 3470 -podicorum
1487 3388 1875 3455 mutationes
1920 3408 2037 3472 per
2080 3409 2151 3456 se
2196 3408 2493 3472 quaeque
2536 3396 2735 3474 atque
2773 3393 2948 3459 abso-

648 3490 824 3554 lutae
868 3490 1101 3556 absunt
1140 3509 1182 3554 a
1211 3487 1550 3574 rhythmis,
1597 3490 1977 3557 coniunctae
2023 3511 2175 3558 vero
2222 3491 2660 3558 admittuntur.
2751 3495 2821 3564 In
2863 3493 2949 3560 bi-

647 3611 875 3657 norum
935 3590 1129 3674 igitur
1185 3592 1539 3674 spatiorum
1596 3593 1951 3659 mutatione
2001 3595 2170 3660 inest
2212 3587 2253 3680 ἡ
2299 3592 2698 3680 παραλλαγὴ
2745 3590 2786 3683 ἡ
2828 3596 2950 3659 τῶν

645 3689 901 3776 χρόνων
946 3689 1243 3756 ποὸικῶν
1286 3713 1495 3776 aeque
1538 3700 1732 3778 atque
1778 3715 1887 3777 ea,
1934 3715 2127 3779 quam
2174 3698 2240 3761 in
2287 3697 2774 3765 irrationalitate
2819 3699 2947 3765 har·

649 3795 908 3861 monica
957 3793 1257 3860 accidere
1313 3815 1507 3879 supra
1551 3798 1988 3880 cognovimus.
2079 3799 2275 3882 Atqui
2321 3799 2515 3866 latius
2562 3795 2631 3863 ἐν
2678 3799 2950 3884 ῥυθμοῖς

649 3902 831 3980 patet
886 3893 1285 3982 παραλλαγὴ
1347 3916 1538 3980 quam
1598 3899 1750 3966 illic.
1856 3900 2057 3966 Deest
2115 3902 2285 3967 enim
2346 3921 2388 3966 a
2441 3908 2789 3988 praecepto
2844 3903 2947 3968 illo

651 3997 1034 4082 significatio
1092 4018 1466 4083 mensurae,
1524 4021 1653 4084 qua
1697 4007 2019 4068 mutantur
2077 4009 2368 4088 tempora
2427 4003 2684 4088 podica.
2774 4003 2945 4084 Quod

650 4108 996 4186 propterea
1050 4102 1290 4168 factum
1351 4108 1478 4187 est,
1539 4104 1716 4187 quod
1767 4111 1879 4172 aut
1936 4104 2202 4172 definita
2260 4111 2373 4172 aut
2429 4106 2762 4175 indefinita
2815 4126 2945 4175 esse
