3177 4960
587 294 714 354 324
1558 285 1720 353 Hugo
1753 284 1786 340 J
1790 288 1945 340 usatz

587 486 667 527 m
688 466 832 530 612.
877 462 1056 547 Sept.
1088 461 1211 526 208
1236 479 1315 521 ω
1339 462 1482 523 216.
1518 460 1643 523 236
1668 478 1746 517 ω
1770 459 1895 522 242
1920 476 2016 540 sq.
2064 455 2291 540 Suppl.
2341 458 2462 520 357
2495 474 2575 514 ω
2600 456 2746 520 368.
2782 454 2920 518 739

589 588 669 631 ω
695 569 838 649 746,
870 566 1077 648 alias),
1109 562 1226 630 sed
1251 562 1446 629 etiam
1470 579 1657 645 quae,
1690 561 1993 643 quoniam
2016 560 2083 624 in
2114 556 2394 642 strophis
2425 557 2647 640 lyricis
2670 557 2921 642 insunt,

593 676 781 738 cantu
814 686 1121 750 expressa
1150 684 1292 732 esse
1321 663 1621 730 videntur
1650 663 1853 738 (Eum.
1899 665 2112 726 144oe
2133 665 2271 726 150.
2311 664 2428 725 147
2455 680 2537 720 ω
2563 662 2703 725 153.
2735 659 2917 726 Phil.

595 774 717 838 393
740 790 819 830 m
845 771 987 833 509.
1011 766 1312 834 Heracld.
1349 768 1427 830 80
1452 785 1531 825 m
1560 765 1725 848 101),
1759 764 2080 831 invenitur
2111 782 2416 831 caesurae
2444 763 2727 830 varietas
2757 783 2919 830 eum

594 874 820 940 tertiae
864 870 1027 936 arsis
1070 868 1577 935 irrationalitate.

768 972 1014 1052 Quibus
1060 970 1271 1037 causis
1302 969 1388 1036 ad
1434 989 1577 1036 eam
1623 967 2007 1034 sententiam
2051 966 2359 1049 adducor,
2407 972 2477 1032 ut
2521 967 2922 1050 semiquina-

596 1078 732 1142 riae
776 1074 1102 1160 propriam
1147 1092 1226 1138 ac
1270 1072 1663 1154 singularem
1708 1074 1999 1135 naturam
2048 1088 2191 1135 esse
2237 1088 2400 1153 eam,
2453 1075 2526 1135 ut
2568 1069 2739 1135 arsin
2783 1075 2925 1134 ter·

597 1179 751 1244 tiam
794 1196 910 1261 per
955 1195 1025 1242 se
1067 1175 1275 1258 possit
1318 1172 1592 1240 reddere
1637 1173 1931 1254 longam,
1990 1176 2056 1235 et
2114 1171 2182 1236 in
2242 1190 2322 1237 ea
2369 1171 2500 1238 arsi
2544 1171 2925 1237 absolutam

599 1278 1153 1346 irrationalitatem
1201 1276 1413 1343 inesse
1457 1294 1709 1358 negem,
1757 1292 1982 1339 verum
2028 1291 2219 1355 quam
2266 1273 2390 1338 sibi
2432 1271 2719 1339 vindicat
2762 1294 2924 1358 pro-

600 1380 999 1463 ductionem,
1072 1398 1216 1445 eam
1275 1378 1481 1462 ipsam
1543 1394 1801 1460 quoque
1859 1380 2213 1441 ceterorum
2272 1381 2631 1457 temporum
2684 1376 2926 1458 aliquo

602 1481 1009 1566 corripiendo
1078 1479 1622 1564 compensandam
1691 1496 1832 1545 esse
1901 1494 2218 1542 censeam.
2321 1476 2534 1559 Atque
2597 1478 2660 1542 in
2719 1480 2929 1544 tertia

601 1584 862 1668 quidem
909 1584 1039 1650 arsi
1086 1590 1235 1650 ante
1281 1581 1806 1664 semiquinariam
1851 1577 2064 1662 posita
2108 1579 2483 1662 saepissime
2528 1585 2783 1663 tempus
2834 1582 2927 1645 ir·

601 1686 915 1753 rationale
960 1686 1339 1770 exprimitur
1382 1685 1610 1766 longa3
1668 1682 1761 1746 ibi
1818 1680 1989 1746 enim
2046 1681 2379 1763 longarum
2424 1700 2724 1747 numerus
2769 1683 2927 1748 bre-

601 1788 789 1854 vibus
836 1794 934 1853 est
978 1788 1172 1872 triplo
1218 1786 1441 1867 maior,
1490 1804 1633 1850 cum
1673 1784 1740 1849 in
1786 1782 2015 1849 eadem
2049 1781 2206 1848 sede
2236 1789 2384 1849 ante
2414 1783 2580 1851 alias
2612 1804 2929 1851 caesuras

600 1892 836 1973 longae
879 1890 1185 1956 brevibus
1230 1906 1494 1953 numero
1540 1887 1676 1953 fere
1718 1904 1965 1968 aequae
2011 1885 2156 1967 sint,
2203 1885 2269 1950 in
2299 1885 2506 1969 prima
2536 1892 2751 1953 autem
2780 1888 2932 1954 arsi

601 1991 799 2078 paulo
848 1990 1222 2072 crebrioreS,
1269 1989 1335 2053 in
1382 1989 1605 2072 quinta
1650 2007 1805 2054 vero
1850 1987 2146 2053 rariores.

774 2093 912 2158 Iam
959 2091 1303 2174 quaeritur,
1350 2090 1434 2156 ad
1483 2109 1676 2173 quam
1722 2088 1936 2157 thesin
1972 2088 2361 2155 conferenda
2390 2090 2475 2155 sit
2518 2091 2680 2157 arsis
2725 2093 2934 2159 tertia

602 2196 980 2277 insequente
1040 2211 1325 2260 caesura.
1415 2194 1511 2259 Ac
1555 2192 1884 2274 sequentis
1935 2191 2207 2258 alicuius
2268 2189 2467 2258 thesis
2514 2194 2931 2278 correptione

603 2296 1009 2380 compensari
1040 2315 1181 2362 eam
1212 2315 1342 2360 non
1373 2295 1725 2361 verisimile
1758 2300 1873 2377 est,
1924 2294 2226 2378 quoniam
2269 2294 2727 2362 irrationalitas
2771 2316 2932 2364 cae-

604 2419 815 2467 suram
863 2398 1184 2465 transilire
1217 2417 1344 2464 non
1378 2396 1652 2464 videtur.
1740 2397 2012 2464 Accedit
2057 2396 2230 2480 quod
2274 2403 2422 2482 post
2450 2397 2708 2482 longam
2742 2401 2932 2466 arsin

603 2524 729 2569 non
777 2502 967 2568 modo
1013 2510 1126 2567 aut
1169 2502 1360 2567 tertia
1407 2499 1607 2567 thesis
1650 2508 1763 2567 aut
1807 2506 2067 2584 quarta,
2114 2500 2229 2566 sed
2276 2501 2472 2567 etiam
2515 2503 2746 2568 ambae
2791 2504 2933 2570 sol-

604 2611 837 2671 vuntur
868 2603 1040 2670 haud
1072 2624 1215 2688 raro
1263 2603 1463 2682 (Pers.
1499 2605 1643 2668 284.
1677 2602 1752 2670 Ο.
1783 2603 1858 2668 R.
1893 2605 2038 2669 967.
2085 2601 2316 2669 Trach.
2355 2605 2538 2669 1096.
2571 2603 2738 2670 Phil.
2771 2608 2935 2673 932.

603 2707 839 2774 Troad.
903 2711 1000 2771 44.
1072 2709 1215 2772 249.
1285 2705 1391 2773 Or.
1457 2709 1639 2771 1645.
1710 2705 1952 2773 Phoen.
2014 2710 2155 2771 477.
2232 2708 2417 2772 1669.
2485 2711 2664 2771 1415.
2731 2711 2932 2776 1702.

604 2808 830 2892 Suppl.
885 2813 980 2872 15.
1028 2808 1107 2872 Η.
1141 2809 1259 2874 fur.
1296 2810 1437 2873 489.
1486 2807 1723 2875 Bacch.
1772 2812 1916 2874 236.
1966 2812 2107 2874 320.
2154 2813 2297 2874 747.
2343 2808 2484 2893 Iph.
2533 2811 2723 2876 Taur.
2776 2816 2933 2879 107.

604 2909 753 2974 Eur.
799 2909 920 2993 frg.
968 2914 1111 2992 541,
1160 2914 1217 2974 2.
1257 2908 1449 2976 Rhes.
1499 2912 1666 2988 286).
1753 2912 1981 2978 Restat
2024 2911 2236 2995 igitur,
2289 2919 2359 2976 ut
2402 2913 2932 2981 antecedentium

605 3010 880 3078 thesium
924 3012 1230 3078 alterutra
1275 3019 1723 3096 compensetur
1765 3014 1929 3080 arsis
1962 3015 2168 3079 tertia.
2258 3014 2458 3097 Atqui
2504 3016 2779 3082 solvitur
2808 3038 2934 3101 per

605 3133 676 3180 se
711 3121 979 3199 utraque
1027 3133 1169 3180 cum
1216 3114 1444 3180 tertiae
1489 3114 1919 3198 longitudine;
1967 3115 2231 3199 prima
2276 3116 2448 3181 enim
2480 3115 2769 3202 Hippon.
2803 3120 2931 3203 frg.

607 3220 720 3301 35,
768 3221 825 3283 3.
874 3217 1083 3283 Prom.
1134 3219 1276 3282 730.
1325 3216 1552 3301 Suppl.
1601 3220 1743 3283 320.
1791 3216 2022 3285 Aesch.
2070 3218 2188 3301 frg.
2241 3221 2397 3302 134;
2444 3221 2612 3302 250;
2659 3222 2814 3303 293,
2866 3225 2931 3286 2.

606 3320 708 3384 Ai.
761 3321 904 3384 846.
952 3318 1027 3385 Ο.
1074 3320 1147 3385 R.
1191 3322 1343 3384 270.
1391 3319 1539 3385 Ant.
1587 3322 1729 3384 746.
1776 3320 1874 3384 El.
1924 3322 2069 3386 433.
2117 3319 2349 3386 Trach.
2401 3324 2501 3386 74.
2553 3323 2695 3387 318.
2746 3321 2821 3389 Ο.
2856 3323 2934 3390 C.

611 3422 794 3486 1634.
841 3419 1009 3486 Phil.
1045 3424 1188 3486 791.
1218 3424 1362 3488 999.
1416 3425 1597 3488 1003.
1646 3421 1845 3505 Soph.
1878 3422 1997 3505 frg.
2034 3425 2176 3488 520.
2227 3425 2369 3489 781.
2419 3425 2565 3488 875.
2603 3459 2677 3469 -
2710 3425 2932 3491 Prom.

610 3524 753 3586 666.
810 3521 983 3588 Pers.
1017 3525 1161 3588 613.
1210 3522 1433 3609 Suppl.
1470 3527 1612 3589 234.
1660 3524 1781 3607 Ag.
1817 3527 1960 3589 274.
2010 3528 2154 3591 626.
2204 3528 2345 3590 630.
2400 3527 2586 3590 1584.
2635 3525 2934 3611 Choeph.

615 3626 774 3705 120„
822 3625 888 3687 in
935 3624 1230 3691 omnibus
1270 3625 1600 3708 Euripidis
1645 3625 1883 3693 fabulis
1929 3634 2204 3711 excepta
2249 3626 2502 3709 Medea,
2551 3628 2615 3693 in
2660 3627 2936 3713 Hippoi.

607 3733 821 3792 autem
854 3725 921 3789 in
949 3726 1208 3791 nomine
1238 3728 1535 3811 proprio;
1581 3728 1944 3795 secunda
1987 3736 2199 3796 autem
2230 3728 2473 3796 Archil.
2508 3730 2627 3812 frg.
2662 3731 2777 3812 2ος
2823 3735 2936 3817 25,

610 3831 684 3909 3;
730 3828 830 3892 26.
879 3826 1160 3910 Hippon.
1192 3827 1310 3909 frg.
1351 3831 1446 3893 13.
1495 3828 1728 3896 Aesch.
1762 3829 1986 3916 Suppl.
2023 3834 2168 3896 248.
2214 3832 2334 3914 Ag.
2387 3833 2529 3897 539.
2577 3831 2750 3898 Pers.
2782 3837 2936 3899 405.

610 3932 751 3994 475.
815 3928 917 3993 Ai.
964 3929 1106 3992 862.
1170 3930 1353 3993 1008.
1413 3930 1510 3995 El.
1560 3934 1660 3997 30.
1722 3930 1797 3998 Ο.
1846 3933 1919 3998 R.
1968 3936 2069 3998 26.
2133 3938 2275 3998 775.
2340 3936 2525 3999 1428.
2587 3933 2734 3999 Ant.
2782 3940 2936 4004 419.

608 4030 839 4097 Trach.
890 4036 947 4095 4.
995 4031 1137 4094 607.
1189 4032 1330 4095 878.
1380 4029 1453 4097 Ο.
1505 4032 1572 4098 O.
1624 4035 1766 4099 634.
1818 4038 2000 4100 1357.
2049 4034 2251 4121 Soph.
2297 4037 2419 4119 frg.
2474 4041 2615 4118 104,
2665 4037 2731 4118 8;
2785 4042 2935 4117 144,
