3177 4960
658 360 781 418 246
1612 356 1769 426 Hugo
1804 356 1997 411 Jusatz

655 533 828 599 tibus
870 530 1164 614 minutis3
1223 549 1370 594 nam
1428 531 1643 612 spatia
1698 531 1843 614 ipsa
1898 529 2298 595 irrationalia
2354 535 2420 595 et
2465 529 2609 613 ipsa
2665 531 2772 596 vel
2812 539 2936 597 sunt

655 630 1130 719 μελῳδούμενα
1195 632 1304 698 vel
1371 631 1612 698 cadunt
1676 632 1742 697 in
1799 630 2386 715 rhythmopoeiam.
2486 631 2938 700 Rationalitatis

656 743 872 803 autem
931 735 1134 821 ipsius
1191 733 1628 800 definitionem
1691 735 1974 802 secundo
2033 735 2178 801 loco
2232 731 2419 799 addit
2461 733 2586 817 ita,
2649 741 2722 800 ut
2772 737 2942 802 inter·

656 838 898 905 vallum
954 837 1268 903 rationale
1313 834 1550 901 debeat
1593 855 1737 905 esse
1791 833 2121 921 γνώριμον
2170 835 2252 920 τῇ
2298 831 2656 922 αἰσθήσει,
2718 844 2948 921 tempus

542 972 547 977 ·
654 945 872 1006 autem
915 938 1106 1022 pedis
1151 938 1248 1005 sui
1280 957 1430 1022 pars
1460 939 1817 1005 rationalis.
1907 937 2090 1016 Quae
2137 957 2250 1003 cur
2292 957 2418 1003 non
2454 945 2756 1005 accurate
2802 940 2954 1005 inter

659 1061 730 1109 se
772 1040 1227 1126 respondeant,
1273 1060 1470 1107 causa
1515 1041 1684 1107 inest
1726 1042 1791 1106 in
1839 1060 1916 1107 eo
1937 1090 1954 1123 ,
2016 1038 2189 1124 quod
2234 1040 2443 1105 altera
2484 1041 2773 1107 musicae
2817 1061 2956 1127 pars

655 1145 880 1212 alteris
923 1145 1119 1210 utitur
1162 1143 1597 1228 perceptionis
1642 1142 2145 1210 condicionibus.

828 1244 1011 1324 Quae
1058 1265 1200 1312 cum
1246 1246 1340 1311 ita
1381 1246 1526 1328 sint,
1572 1245 1766 1312 facile
1812 1246 1941 1310 iam
1986 1244 2433 1328 intellegemus
2479 1245 2691 1310 locum
2742 1244 2958 1310 Aristi·

659 1347 853 1414 deum
884 1346 970 1412 de
999 1347 1343 1429 generibus
1374 1347 1855 1413 irrationalibus
1893 1366 1955 1430 p.
1992 1349 2072 1411 35
2096 1346 2223 1411 Mb.
2256 1373 2342 1397 =
2373 1348 2474 1429 53,
2512 1350 2590 1410 10
2614 1346 2717 1412 W.
2793 1346 2961 1412 Dicit

658 1450 828 1515 enim
871 1451 1022 1535 γένη
1071 1442 1279 1533 ἄλογα
1322 1444 1491 1513 κατὰ
1537 1439 1874 1532 ἀριθμοὺς
1917 1448 2169 1531 μᾶλλον
2213 1436 2454 1535 ἢκατὰ
2498 1444 2582 1511 τὰ
2617 1446 2767 1534 ε’ίδη
2799 1447 2958 1534 ῥυθ-

657 1547 820 1635 μικὰ
866 1548 1098 1628 σώζειν
1156 1546 1278 1626 τὰς
1325 1542 1705 1634 ἀναλογίας.
1810 1549 1999 1629 Quod
2060 1570 2201 1617 cum
2260 1551 2386 1615 viri
2430 1550 2604 1617 docti
2649 1551 2737 1615 ad
2783 1551 2957 1616 unius

658 1655 965 1738 temporis
1010 1654 1565 1720 irrationalitatem
1612 1654 1943 1736 referrent,
1988 1673 2117 1718 non
2160 1653 2637 1719 intellexerunt.
2730 1652 2957 1719 Caesar

658 1758 827 1824 enim
863 1757 956 1822 ita
985 1757 1458 1838 interpretatur,
1503 1763 1574 1820 ut
1604 1755 1805 1838 pedes
1837 1755 2240 1821 irrationales
2285 1755 2451 1819 inter
2495 1774 2565 1821 se
2596 1755 2778 1839 ipsos
2822 1773 2956 1820 con·

657 1859 880 1926 venire
924 1854 1188 1935 (σώζειν
1215 1854 1338 1933 τὰς
1370 1848 1756 1940 ἀναλογίας)
1803 1856 1996 1922 dicat.
2086 1857 2174 1922 At
2204 1858 2258 1924 si
2288 1876 2424 1923 rem
2457 1858 2745 1940 ignotam
2776 1864 2955 1940 atque

657 1958 1057 2027 indefinitam
1116 1960 1502 2025 conferimus
1560 1979 1706 2025 cum
1766 1960 1986 2041 ignota
2043 1967 2107 2024 et
2151 1957 2516 2042 indefinita,
2571 1979 2658 2026 an
2701 1979 2781 2026 eo
2826 1962 2953 2043 ipso

657 2061 730 2129 fit
787 2062 1021 2128 clarior
1076 2065 1187 2125 aut
1242 2060 1688 2128 manifestior?
1759 2059 2197 2128 Rossbachius
2251 2080 2407 2127 vero
2463 2062 2710 2144 aliique
2766 2061 2953 2144 pedes

659 2163 1066 2230 irrationales
1133 2163 1476 2228 convenire
1542 2183 1684 2229 cum
1743 2163 2165 2229 rationalibus
2230 2159 2400 2226 κατὰ
2458 2154 2802 2246 ἀριθμοὺς
2855 2164 2951 2227 ait.

657 2266 746 2331 At
799 2285 920 2331 nec
976 2266 1255 2345 μεγέθει
1320 2284 1440 2330 nec
1495 2266 1673 2347 γένει
1729 2285 1872 2333 cum
1931 2266 2026 2331 eis
2085 2267 2431 2331 convenire
2495 2272 2793 2348 apertum
2847 2270 2951 2331 est.

621 2369 904 2454 'Aperte
947 2372 1163 2432 autem
1206 2365 1361 2432 inde
1390 2366 1897 2450 proficiscuntur,
1945 2367 2122 2450 quod
2176 2367 2478 2434 choreum
2528 2366 2953 2432 irrationalem

659 2469 981 2540 trochaeis
1045 2470 1223 2552 puris
1281 2469 1637 2535 admixtum
1696 2471 1915 2553 aliquo
1974 2475 2165 2552 pacto
2224 2490 2367 2535 cum
2428 2469 2523 2536 eis
2584 2470 2951 2536 concinnare

659 2573 951 2657 student3
996 2573 1168 2656 quod
1215 2573 1324 2656 qui
1368 2572 1507 2638 fieri
1551 2574 1784 2657 possit,
1831 2591 1958 2638 non
2003 2572 2330 2655 intellego,
2376 2571 2501 2637 nisi
2545 2572 2713 2636 forte
2756 2589 2950 2637 rever·

658 2682 874 2743 tuntur
917 2675 1002 2741 ad
1048 2676 1429 2741 sententiam
1477 2675 2034 2741 Feussnerianam.
2123 2674 2356 2740 Verum
2411 2673 2465 2740 si
2512 2675 2576 2738 in
2623 2673 2951 2756 generibus

658 2776 1171 2859 irrationalibus,
1218 2796 1384 2859 quae
1428 2777 1588 2843 dicit
1632 2777 1971 2858 Aristides,
2018 2776 2342 2861 duplicem
2389 2776 2601 2841 inesse
2649 2774 2951 2841 credimus

659 2879 1234 2971 irrationalitatem,
1279 2878 1457 2943 nulla
1486 2879 1679 2945 inerit
1709 2878 2170 2964 interpretandi
2216 2876 2579 2944 difficultas.
2632 2868 2951 2961 Ἀριθμὸς

661 2981 832 3046 enim
865 2979 1130 3046 duorum
1177 2979 1661 3048 intervallorum
1706 2981 2171 3047 irrationalium
2215 2980 2386 3046 idem
2419 2980 2700 3063 spatium
2734 2983 2950 3059 servat,

663 3081 839 3166 quod
871 3072 1167 3161 ἀριθμὸς
1203 3080 1474 3146 duorum
1503 3083 1934 3168 rationalium,
1983 3102 2066 3150 ex
2097 3082 2327 3166 quibus
2371 3081 2488 3147 illa
2529 3100 2648 3164 per
2694 3080 2949 3164 paralla-

658 3205 784 3271 gen
829 3191 968 3252 orta
1012 3188 1175 3249 sunt.
1264 3183 1364 3249 Ita
1402 3182 1492 3267 fit,
1538 3190 1610 3249 ut
1651 3187 1803 3270 γένη
1851 3177 2061 3268 ἄλογα
2106 3190 2363 3251 servent
2405 3184 2780 3249 universum
2820 3201 2949 3265 spa·

660 3306 819 3371 tium
848 3305 981 3368 τιῦν
1011 3302 1218 3388 γενιῦν
1250 3301 1463 3386 ῥητῶν
1497 3305 1700 3382 (velut
1731 3269 1906 3368 a&
1927 3323 1976 3367 a
2004 3343 2070 3363 =
2098 3322 2142 3361 -ἑ
2161 3268 2284 3402 5³}-
2304 3307 2406 3384 a),
2443 3309 2509 3367 et
2538 3299 2822 3369 habeant
2849 3297 2950 3364 λό-

659 3429 806 3490 γον,
865 3407 907 3471 ἰ.
940 3426 995 3471 e.
1056 3412 1348 3492 tempora
1404 3404 1672 3472 definita
1725 3408 2021 3490 quamvis
2077 3426 2203 3472 non
2247 3399 2413 3468 κατὰ
2460 3404 2698 3486 μέρος,
2758 3410 2953 3470 tamen

660 3503 828 3571 κατὰ
864 3503 981 3570 τὸν
1013 3499 1334 3590 ἀριθμόν.
1422 3508 1781 3575 Articulum
1812 3515 2028 3575 autem
2074 3504 2265 3583 (κατὰ
2301 3503 2373 3570 δὲ
2403 3501 2599 3580 τούς
2631 3496 2952 3598 ἆριθμοὺθ

660 3607 975 3693 μᾶλλον),
1035 3627 1226 3691 quem
1281 3608 1531 3693 flagitat
1587 3630 1739 3676 usus
1795 3611 2288 3694 Aristoxeneus,
2348 3607 2655 3674 Aristidis
2717 3607 2955 3674 inscitia

662 3711 967 3777 omissum
1000 3730 1141 3776 esse
1173 3730 1298 3776 non
1329 3712 1558 3776 mirum
1591 3719 1704 3777 est.
1782 3712 2056 3779 Formae
2086 3708 2278 3798 (ε’ίόη)
2315 3715 2532 3776 autem
2561 3708 2952 3793 rhythmicae

664 3812 817 3876 illae
862 3830 1071 3895 aeque
1114 3818 1310 3894 atque
1359 3806 1391 3897 ἦ
1438 3813 1557 3876 τοῦ
1606 3812 1873 3898 ῥυθμοῦ
1918 3811 2122 3899 φύσις
2165 3812 2535 3880 Aristoxeni
2598 3812 2665 3876 in
2711 3832 2788 3877 eo
2830 3811 2951 3876 ine·

661 3919 825 3996 runt,
872 3921 942 3978 ut
982 3916 1150 3999 μέρη
1196 3914 1550 3997 singularia
1594 3915 1721 3980 sint
1748 3916 2107 3982 rationalia.
2190 3909 2476 3994 Ῥυθμοῦ
2522 3914 2721 3996 igitur
2763 3907 2955 3998 φύσις

661 4034 698 4081 e
745 4015 1143 4100 temporibus
1200 4015 1602 4100 simplicibus
1661 4014 1833 4103 λόγῳ
1890 4018 2026 4082 τινὶ
2087 4010 2488 4101 ὡρισμένοις
2545 4014 2952 4099 componitur,

542 4192 546 4196 ,
661 4116 763 4184 cui
808 4116 1108 4200 opposita
1154 4122 1251 4184 est
1282 4116 1746 4201 ῥυθμοποιίας
1790 4121 2006 4198 θέσις,
2055 4120 2118 4184 in
2151 4138 2280 4201 qua
2311 4112 2507 4200 λόγος
2554 4136 2637 4182 ex
2669 4116 2953 4184 coniunc-
