3177 4960
821 325 905 381 De
939 325 1351 381 irrationalitate
1386 325 1569 382 studia
1605 325 1924 395 rhythmica.
2402 324 2524 384 281

196 499 426 565 hicum
458 503 525 565 et
554 499 835 566 ionicum
864 519 906 565 a
933 500 1180 565 minore
1211 498 1375 564 nihil
1403 499 1583 566 aliud
1616 497 2017 566 intercedere
2046 497 2304 565 videtur
2334 518 2528 582 quam

197 601 373 667 inter
419 601 770 667 iambicum
816 607 881 667 et
925 600 1339 668 trochaicum.
1426 600 1497 666 Si
1543 607 1760 667 autem
1807 599 2065 667 dimetri
2109 598 2529 667 choriambici

199 708 268 769 et
315 703 465 786 puri
513 709 578 771 et
621 703 1021 770 anaclomeni
1083 703 1295 789 spatia
1338 702 1738 770 delineamus
1797 702 1987 770 lineis
2033 702 2284 769 duabus
2330 702 2528 769 conti·

197 805 351 871 nuis
401 809 467 880 (a
497 811 562 872 et
590 805 675 885 b),
720 811 854 872 tum
887 825 1105 872 earum
1147 811 1384 889 puncta
1414 805 1860 888 coniungimus
1893 804 2082 872 lineis
2113 805 2529 872 transversis:

198 907 385 974 linea
442 907 609 974 inter
667 907 827 975 duas
886 909 1033 975 illas
1092 907 1308 975 media
1367 901 1698 991 quaelibet
1761 912 1870 992 (ci,
1904 909 1992 985 cz)
2052 908 2145 973 ita
2188 907 2530 989 secabitur,

201 1015 274 1077 ut
331 1008 596 1076 dimetri
656 1010 1130 1077 irrationalibus
1198 1010 1596 1095 temporibus
1664 1009 1899 1077 mediis
1957 1010 2195 1076 utentis
2254 1009 2529 1075 alicuius

202 1113 427 1195 spatia
470 1113 785 1179 oriantur:

388 1813 552 1879 Item
584 1831 653 1878 se
687 1810 883 1878 habet
912 1809 1252 1876 dimetrum
1287 1808 1788 1876 choriambicum
1821 1809 2328 1895 anaclomenum,
2362 1811 2534 1895 quod

208 1937 290 1984 ex
355 1916 472 1981 illo
545 1915 635 1980 ita
678 1912 781 1995 fit,
840 1913 895 1978 si
942 1918 1193 1996 tempus
1242 1911 1559 1978 disemum
1606 1911 1895 1977 ultimum
1943 1912 2199 1995 ponitur
2242 1913 2533 1997 primum.

209 2018 406 2099 Quod
438 2022 653 2083 autem
685 2014 1045 2083 choriambi
1088 2020 1383 2097 quartam
1415 2014 1735 2098 syllabam
1766 2014 2064 2099 accipere
2094 2015 2292 2081 ictum
2323 2016 2536 2100 gravi-

209 2142 393 2189 orem
418 2118 883 2200 contendimus,
917 2117 1219 2183 convenit
1243 2136 1386 2184 cum
1417 2117 1830 2200 percussione
1855 2118 2167 2200 syzygiae
2198 2119 2536 2203 iambicae,

208 2229 439 2309 utpote
471 2222 651 2289 cuius
697 2219 910 2287 thesin
954 2220 1376 2303 posteriorem
1421 2220 1551 2286 ictu
1583 2220 1885 2304 graviore
1916 2219 2094 2285 feriri
2125 2222 2537 2289 metricorum

211 2327 621 2394 consentiant
665 2322 1033 2390 testimonia
1066 2322 1288 2401 (Iubae
1333 2321 1508 2405 apud
1538 2321 1851 2388 Priscian.
1903 2321 1985 2386 de
2031 2328 2214 2388 metr.
2249 2323 2537 2390 Terentii

210 2449 270 2514 p.
305 2432 439 2494 420
475 2428 555 2493 Κ.
616 2427 872 2492 Terent.
931 2424 1131 2492 Maur.
1178 2445 1238 2491 v.
1286 2426 1453 2490 2249
1487 2442 1626 2507 sqq.
1677 2421 1859 2490 Caes.
1899 2422 2080 2490 Bass.
2126 2423 2301 2509 apud
2327 2424 2535 2491 Rufin.

210 2550 271 2614 p.
306 2533 473 2611 555,
509 2529 589 2591 22
621 2524 874 2610 sqq.).1)
962 2525 1032 2591 Si
1074 2526 1290 2609 igitur
1346 2525 1410 2589 in
1463 2525 1692 2591 ultima
1751 2525 2020 2590 trimetri
2065 2531 2130 2591 et
2186 2527 2540 2592 tetrametri

211 2632 490 2717 syzygia
521 2628 723 2695 thesis
755 2629 929 2713 prior
958 2628 1027 2692 in
1061 2627 1322 2693 brevius
1355 2625 1751 2693 contrahitur
1795 2645 1914 2710 per
1957 2627 2540 2710 irrationalitatem,

211 2740 280 2801 ut
309 2752 517 2817 supra
564 2731 914 2812 docuimus,
962 2736 1028 2796 et
1071 2730 1137 2794 in
1169 2728 1576 2813 stropharum
1608 2729 2134 2813 responsionibus
2164 2736 2537 2797 metrorum·

214 2855 339 2921 que
373 2833 795 2901 mixtionibus
841 2832 1163 2898 diiambus
1195 2831 1515 2917 excipitur
1552 2829 1946 2915 choriambo,
1991 2831 2187 2899 facile
2230 2832 2542 2916 sequitur,

215 2959 359 3005 eam
424 2936 673 3019 thesin,
732 2954 898 3017 quae
941 2953 1062 2999 nec
1108 2934 1446 3018 corripitur
1490 2953 1610 3000 nec
1666 2934 1734 3000 in
1792 2934 2056 3001 brevem
2101 2940 2380 3001 mutatur
2423 2955 2543 3020 per

213 3039 627 3125 rhythmum,
690 3041 890 3103 tutam
936 3041 1130 3120 atque
1188 3037 1505 3119 integram
1551 3056 1694 3103 esse
1753 3042 2020 3122 propter
2062 3037 2539 3121 percussionem

215 3144 428 3226 ipsam
465 3138 857 3223 graviorem.

360 3346 407 3408 ι)
448 3339 715 3394 Christius
752 3338 963 3405 (Μειιπ2
985 3354 1041 3408 p.
1064 3340 1148 3404 68)
1186 3337 1459 3393 Romanos
1496 3351 1530 3390 a
1555 3337 1779 3391 Graecis
1814 3336 1871 3390 in
1898 3336 2115 3406 syzygia
2148 3334 2383 3389 iambica
2418 3349 2542 3406 per-

221 3425 483 3482 cutienda
528 3424 835 3480 discessisse
873 3422 1170 3479 contendit.
1242 3421 1382 3476 Nam
1418 3421 1473 3475 in
1508 3422 1690 3491 priore
1726 3421 1867 3476 thesi
1901 3421 2200 3489 graviorem
2240 3420 2409 3475 ictum
2443 3435 2544 3489 po·

220 3513 398 3567 suisse
438 3509 680 3564 Graecos
719 3525 840 3564 cum
867 3508 1036 3577 magis
1073 3522 1141 3562 ex
1164 3505 1344 3561 animo
1382 3520 1481 3562 suo
1506 3520 1628 3561 esse
1664 3536 1727 3545 —-
1765 3507 2071 3576 speciosum
2094 3521 2227 3561 sane
2254 3520 2541 3574 argumen-

218 3598 358 3652 tum!
401 3626 470 3635 —
505 3600 620 3649 tum
654 3594 875 3664 probari
908 3594 1030 3650 loco
1065 3593 1158 3648 illo
1194 3588 1466 3645 Aristiden
1504 3594 1577 3660 (p.
1618 3594 1683 3645 39
1720 3591 1875 3659 Mu),
1912 3607 2018 3662 quo
2055 3590 2273 3660 dipodia
2305 3589 2544 3645 iambica

219 3682 424 3738 dicitur
464 3674 745 3745 δάκτυλος
776 3672 915 3736 κατ’
941 3677 1174 3751 ἴαμβον,
1212 3668 1279 3741 ὃς
1303 3669 1592 3747 σύγκειται
1627 3673 1691 3742 ἐξ
1712 3672 1928 3750 ἰάμβου
1951 3676 2175 3742 θέσεως
2205 3677 2302 3733 καὶ
2328 3666 2546 3749 ἰάμβου

218 3763 475 3841 deame.
547 3764 624 3818 At
656 3780 759 3819 nec
796 3767 1041 3829 constat,
1088 3778 1224 3833 quos
1258 3760 1540 3831 rhythmos
1576 3760 1730 3815 locus
1767 3761 1855 3816 ille
1891 3763 2128 3831 spectet,
2174 3766 2291 3816 tum
2334 3776 2403 3816 ne
2437 3760 2547 3815 loci

216 3853 397 3921 ipsius
448 3849 666 3919 quidem
702 3849 1000 3905 auctoritas
1050 3847 1184 3902 satis
1233 3846 1389 3900 firma
1424 3848 1534 3910 est,
1581 3860 1705 3900 cum
1740 3846 1906 3916 paulo
1944 3852 2071 3902 ante
2107 3847 2243 3902 arsis
2280 3848 2337 3901 et
2370 3845 2541 3901 thesis

218 3938 474 3993 notiones
509 3935 653 3989 inter
676 3949 733 3989 se
762 3937 1122 3989 commutatae
1157 3947 1277 3988 esse
1311 3930 1612 3987 videantur.
1684 3933 1931 3998 Accedit,
1970 3933 2112 4002 quod
2134 3932 2242 3987 loci
2276 3945 2544 4000 gramma-

217 4022 460 4078 ticorum
494 4018 787 4074 latinorum
822 4018 1099 4087 repetendi
1135 4023 1321 4073 sunta
1348 4015 1546 4073 Graeci
1578 4017 1792 4071 metrici
1816 4017 2078 4083 doctrina,
2114 4015 2389 4071 Heliodori
2414 4016 2539 4069 Ale-

216 4105 493 4173 zaudi-ini,
533 4103 688 4159 cuius
724 4102 957 4172 vestigiis
993 4103 1258 4159 insistisse
1293 4101 1529 4157 traditur
1562 4101 1702 4157 Iuba
1737 4100 1896 4169 (Mar.
1933 4101 2078 4158 Vict.
2113 4117 2166 4169 p.
2193 4104 2277 4166 94,
2304 4103 2368 4166 6).
