3177 4960
625 374 746 431 216
1583 371 1744 439 Hugo
1780 370 1970 425 Jusatz

622 567 762 613 mas
792 553 1052 629 quartas
1082 544 1218 611 toni
1248 550 1464 626 partes
1490 543 1699 626 redigi
1729 548 1996 626 possunt
2018 548 2082 607 et
2106 540 2480 624 rediguntur
2500 561 2542 606 a
2567 540 2935 608 Ptolemaeo

625 651 681 725 (Ι
717 652 792 714 12
824 668 888 732 p.
925 648 1030 724 30)
1074 653 1139 711 61
1182 644 1465 711 Aristide
1509 647 1596 728 (p.
1636 647 1769 729 19),
1815 649 2030 710 tamen
2075 665 2158 709 an
2202 642 2270 709 id
2315 643 2689 710 Aristoxeni
2731 643 2934 728 ipsius

623 751 817 817 fuerit
859 749 1156 830 dubium3
1199 747 1313 812 alii
1345 747 1515 812 enim
1555 747 1758 823 (velut
1786 746 2186 830 Porphyrius
2217 765 2279 829 p.
2315 747 2465 821 311)
2510 750 2731 811 tonum
2776 744 2937 811 divi-

624 853 785 919 dunt
814 853 881 916 in
912 857 1128 936 partes
1160 849 1596 932 duodecimas,
1643 850 1873 932 quibus
1918 848 2255 913 intervalla
2290 847 2546 931 singula
2574 848 2939 930 exprimant

622 948 1092 1033 (ὕποκειμένου
1137 948 1305 1015 κατὰ
1352 947 1468 1014 τὸν
1511 946 1707 1015 τόνον
1765 942 2067 1033 ἀριθμοῦ
2109 949 2229 1013 τοῦ
2271 949 2405 1013 τῶν
2468 946 2725 1013 δώδεκα
2769 951 2938 1013 κατὰ

625 1053 742 1120 τὸν
798 1047 1303 1138 Ἀριστόξενον).
1404 1053 1816 1120 Ptolemaeus
1882 1058 2095 1118 autem
2159 1058 2223 1118 et
2277 1050 2674 1136 Porphyrius
2738 1053 2805 1117 in
2863 1073 2941 1119 co

626 1158 985 1240 concinunt,
1033 1155 1208 1239 quod
1239 1156 1552 1222 rationem
1601 1155 1996 1238 propositam
2039 1154 2255 1219 statim
2301 1154 2574 1219 miscent
2617 1173 2762 1219 cum
2807 1156 2940 1220 alia

629 1261 738 1339 ita,
785 1265 854 1324 ut
899 1278 1040 1325 cum
1087 1257 1342 1340 generis
1387 1256 1790 1323 enharmonii
1837 1255 2180 1321 intervalla
2223 1254 2334 1320 ille
2380 1256 2479 1320 bis
2526 1274 2676 1338 sex,
2737 1257 2941 1322 semel

628 1360 1311 1443 duodequinquaginta
1354 1359 1489 1424 toni
1535 1359 1824 1442 partibus
1857 1358 2181 1424 vicesimis
2226 1357 2489 1439 quartis,
2536 1356 2645 1423 hic
2689 1358 2790 1424 bis
2834 1360 2941 1424 tri-

628 1464 774 1545 11113,
833 1462 1033 1528 semel
1093 1461 1321 1543 viginti
1381 1466 1682 1543 quattuor
1733 1460 2023 1543 partibus
2083 1458 2483 1524 duodecimis
2528 1461 2940 1545 expresserit,

627 1566 755 1630 iam
815 1563 1159 1629 chromatis
1217 1562 1427 1627 mollis
1475 1560 1689 1627 dieses
1734 1581 1819 1626 ex
1874 1561 2260 1641 tritemorio,
2320 1551 2641 1642 ὑπερέχον
2686 1581 2724 1626 6
2770 1568 2942 1642 tono,

627 1665 901 1731 dimidia
928 1665 1242 1747 tertiaque
1273 1665 1406 1730 toni
1450 1663 1742 1746 partibus
1773 1663 2073 1744 componi
2119 1661 2351 1728 dicant.
2429 1659 2714 1738 Quarum
2749 1664 2940 1729 ratio-

625 1789 777 1835 num
809 1769 875 1833 in
907 1767 1365 1833 elementorum
1397 1763 1914 1831 harmonicorum
1958 1766 2333 1847 fragmentis
2378 1762 2540 1831 haec
2580 1765 2724 1831 sola
2767 1766 2942 1831 inve·

630 1871 815 1935 nitur.
907 1868 1039 1934 Sed
1085 1873 1225 1933 utut
1268 1866 1336 1931 id
1382 1885 1451 1932 se
1501 1865 1727 1948 habet,
1773 1865 1843 1931 id
1887 1873 2127 1931 certum
2175 1873 2273 1932 est
2315 1886 2442 1931 non
2486 1867 2706 1931 omnia
2748 1867 2942 1932 inter-

631 1971 807 2035 valla
848 1969 1191 2035 rationalia
1247 1967 1471 2033 habita
1515 1987 1657 2033 esse
1702 1968 1786 2033 ab
1830 1969 2250 2052 Aristoxeno,
2309 1987 2736 2051 quaecunque
2782 1969 2938 2036 duo·

629 2071 897 2138 decimis
953 2071 1060 2137 vel
1117 2070 1441 2136 vicesimis
1501 2071 1745 2152 quartis
1803 2071 1937 2135 toni
1995 2071 2283 2153 partibus
2336 2073 2946 2138 commensurabilia

630 2179 872 2255 essent3
903 2171 1077 2254 quod
1110 2172 1165 2237 si
1196 2171 1431 2236 factum
1466 2176 1655 2252 esset,
1688 2171 1887 2236 multo
1918 2172 2134 2253 plures
2165 2169 2558 2237 tetrachordi
2587 2170 2947 2238 divisiones

629 2273 1038 2339 adhibendae
1083 2279 1276 2355 atque
1308 2273 1496 2355 plura
1536 2272 1881 2337 intervalla
1910 2274 1976 2337 in
2005 2274 2413 2338 rationalium
2458 2293 2728 2339 numero
2761 2281 2946 2340 erant

630 2376 965 2459 habenda,
1023 2395 1215 2458 quam
1274 2375 1512 2440 statuit.
1614 2374 1842 2456 Itaque
1895 2395 2021 2440 non
2080 2382 2227 2441 sunt
2280 2374 2618 2459 audiendi,
2688 2377 2802 2460 qui
2870 2372 2944 2440 τὸ

631 2476 828 2566 ῥητὸν
855 2479 1447 2557 commensurabile,
1473 2473 1547 2541 τὸ
1578 2469 1819 2559 ἄλογον
1849 2484 2061 2544 autem
2087 2478 2732 2545 incommensurabile
2758 2480 2949 2546 inter-

628 2584 865 2666 pretari
910 2583 1132 2648 iubent
1174 2581 1278 2660 (W
1281 2580 1487 2664 estph.
1521 2579 1667 2645 Rh.⁸
1696 2600 1759 2664 p.
1798 2583 1937 2662 132,
1970 2580 2334 2663 Marquard.
2365 2601 2428 2665 p.
2463 2581 2636 2658 240).

802 2685 897 2751 Ac
941 2704 1022 2749 ne
1079 2686 1245 2749 inter
1290 2682 1579 2749 eiusdem
1638 2681 1898 2765 quidem
1942 2683 2310 2763 systematis
2365 2684 2711 2748 intervalla
2756 2686 2949 2751 ratio-

632 2787 808 2851 nalia
861 2784 1261 2851 intercedere
1319 2785 1766 2868 proportiones
1828 2784 2032 2850 voluit
2087 2784 2399 2866 musicus;
2467 2805 2613 2851 nam
2673 2788 2728 2852 si
2787 2807 2950 2871 quas

630 2894 905 2969 statuas,
953 2905 1063 2951 eas
1121 2886 1499 2970 plerumque
1544 2907 1672 2952 non
1730 2892 1860 2951 tam
1920 2887 2246 2969 simplices
2307 2906 2479 2971 esse,
2539 2893 2608 2952 ut
2654 2887 2809 2956 inde
2872 2889 2952 2954 de

630 2989 1115 3055 intervallorum
1150 2989 1362 3070 spatio
1391 2988 1585 3054 liceat
1617 2989 1938 3071 cognosci,
1978 2989 2290 3070 invenies,
2321 2989 2951 3072 simplicissimarum

630 3096 845 3157 autem
903 3089 1216 3173 quasdam
1277 3110 1403 3156 non
1447 3088 1775 3156 adhibitas
1821 3108 1983 3156 esse.
2071 3090 2236 3155 Nam
2297 3091 2352 3156 si
2409 3091 2571 3156 forte
2616 3091 2870 3160 efficias
2915 3113 2951 3158 e

631 3194 775 3261 loco
826 3194 1258 3260 Aristoxeneo
1302 3190 1477 3274 apud
1523 3191 1953 3276 Porphyrium
1984 3211 2045 3276 p.
2078 3194 2203 3257 256
2233 3192 2423 3258 Wall.
2459 3220 2540 3244 =
2572 3196 2676 3277 40,
2710 3197 2794 3258 22
2829 3196 2952 3278 W„

630 3298 1077 3382 proportiones
1123 3294 1524 3362 intercedere
1565 3294 1733 3359 inter
1764 3290 2000 3378 πυκνὰ,
2047 3314 2215 3378 quae
2261 3302 2406 3362 sunt
2448 3297 2614 3361 inter
2660 3294 2954 3382 hypaten

634 3407 700 3463 et
728 3397 1075 3477 lichanum‚
1123 3390 1646 3480 61ὗπερέχοντα,
1692 3395 1779 3461 ad
1807 3398 2149 3463 rationalia
2189 3398 2537 3463 intervalla
2564 3401 2954 3482 spectabunt

636 3500 758 3566 hae
804 3500 1282 3582 proportiones:
1335 3503 1408 3591 1¹:
1435 3504 1495 3583 4,
1545 3504 1624 3562 4:
1655 3502 1752 3581 11,
1800 3500 1837 3563 3
1862 3521 1877 3562 ε
1903 3501 1961 3579 7,
2010 3502 2086 3563 2:
2114 3501 2172 3581 3,
2217 3498 2305 3565 ad
2347 3500 2751 3566 irrationalia
2794 3522 2954 3569 vero

639 3605 808 3685 lz2,
874 3603 1046 3683 123,
1104 3605 1179 3666 3:
1208 3606 1246 3664 4
1291 3601 1480 3667 aliae.
1572 3600 1871 3666 Ceterum
1917 3602 1973 3667 is
2016 3602 2196 3667 locus
2241 3603 2333 3667 ita
2374 3609 2786 3685 comparatus
2835 3612 2953 3688 est,

633 3709 703 3768 ut
757 3722 884 3768 non
939 3703 1148 3785 magis
1205 3702 1292 3768 ad
1347 3703 1691 3769 rationalia
1745 3703 2118 3785 intervalla,
2178 3723 2370 3786 quam
2416 3702 2502 3769 ad
2545 3703 2955 3772 irrationalia

632 3805 955 3888 pertinere
1000 3803 1325 3887 videatur,
1387 3823 1577 3886 quem
1624 3810 1839 3869 autem
1884 3803 1971 3869 ad
2014 3804 2275 3871 modum
2321 3806 2405 3871 sit
2446 3805 2953 3890 intellegendus,

634 3912 861 3989 postea
903 3906 991 3990 (p.
1026 3905 1173 3981 222)
1219 3905 1578 3989 apparebit.
1624 3941 1708 3950 —
1752 3905 1961 3972 Unica
2002 3911 2218 3971 autem
2264 3907 2756 3989 proportionum
2801 3930 2952 3976 con-

635 4009 927 4089 cinnitas,
973 4013 1043 4072 ut
1073 4008 1202 4073 iam
1248 4025 1443 4089 supra
1486 4010 1572 4090 (p.
1608 4010 1754 4085 209)
1800 4010 2315 4092 memoravimus,
2361 4009 2528 4075 inest
2557 4009 2624 4072 in
2659 4010 2756 4077 eis
2801 4032 2952 4095 pro-

632 4109 1067 4196 portionibus,
1127 4129 1290 4191 quae
1347 4109 1576 4193 pycnis
1622 4115 1768 4175 sunt
1810 4108 1897 4174 ad
1941 4115 2193 4193 tonum3
2248 4116 2529 4176 attamen
2576 4111 2777 4179 latius
2826 4134 2953 4180 non
