3177 4960
613 337 738 396 252
1568 330 1727 398 Hugo
1763 329 1957 383 Jusatz

700 512 769 577 in
811 510 994 594 frgm.
1040 507 1334 573 Parisino
1377 508 1415 582 ξ
1448 510 1507 588 7,
1544 525 1610 589 p.
1643 506 1744 589 79,
1882 501 2056 585 apud
2099 500 2449 568 Aristidem
2495 522 2558 585 p.
2590 506 2690 585 50,
2720 507 2756 566 4
2789 502 2939 567 W.:

787 614 826 675 6
857 611 989 677 W.:
1892 600 2162 667 Τούτων
2195 599 2275 691 δὴ
2299 604 2428 668 τῶν
2447 600 2700 687 χρόνων
2722 604 2940 687 οἱμὲν

711 715 860 778 Τῶν
892 710 964 776 δὲ
980 708 1234 793 χρόνων
1264 709 1330 775 οἱ
1358 706 1480 791 μὲν
1504 698 1748 788 εὕρυθ-
1802 703 2132 793 ἕῤῥυθμοι
2157 705 2480 791 λέγονται,
2509 706 2573 772 οἱ
2588 705 2661 772 δὲ
2678 700 2936 794 ἅῤῥυθ-

619 840 767 900 μοι,
828 813 892 879 οἱ
939 812 1010 878 δὲ
1057 810 1516 899 ῥυθμοειδεῖς,
1565 807 1632 872 οἱ
1678 805 1749 871 δὲ
1802 834 1939 894 μοι,
1989 809 2054 876 οἱ
2100 807 2173 873 δὲ
2217 808 2665 895 ῥυθμοειόεῑς.

621 912 984 1003 ἅρῤυθμοι.

709 1012 1059 1101 Εύρυθμοι
1102 1016 1223 1099 μὲν
1269 1016 1336 1082 οἱ
1381 1009 1752 1100 διαφυλάτ-
1894 1018 1954 1094 1)
1982 1006 2351 1099 Ἔῤῥυθμοι
2404 1011 2526 1095 μὲν
2572 1013 2639 1079 οἱ
2693 1013 2761 1081 ἔν
2803 1038 2942 1079 τινι

621 1145 848 1199 τοντες
879 1113 1168 1205 ἀκριβῶς
1196 1116 1314 1204 τὴν
1346 1114 1518 1202 πρὸς
1548 1107 1752 1198 ἆλλή-
1808 1114 1979 1202 λόγῳ
2025 1113 2200 1200 πρὸς
2256 1108 2569 1203 ἀλλήλοις
2615 1113 2943 1194 σώζοντες

625 1225 769 1300 λοις
815 1217 1151 1307 εὔρυθμον
1196 1218 1417 1298 τάξιν·
1804 1216 2013 1303 τάξιν,
2046 1215 2189 1284 οἷον
2213 1217 2625 1298 διπλασίονι,
2650 1212 2943 1303 ἡμιολίῳ

1805 1322 1917 1386 καὶ
1960 1332 2104 1396 τοῖς
2146 1317 2510 1396 τοιούτοις·

713 1425 1140 1515 ρυθμοειὸεῖς
1205 1424 1277 1489 δὲ
1344 1422 1409 1489 οἱ
1465 1419 1585 1507 τὴν
1636 1419 1757 1503 μὲν
1896 1424 1957 1499 3)
2003 1420 2429 1507 ῥυθμοειδεῖς
2474 1421 2546 1487 δὲ
2592 1422 2661 1488 οἱ
2694 1421 2942 1505 μεταξὺ

627 1528 975 1617 εἰρημένην
1040 1522 1383 1613 ἀκρίβειαν
1437 1521 1527 1612 μὴ
1584 1519 1756 1610 σφό-
1808 1522 2062 1590 τούτων
2105 1529 2220 1590 καί
2246 1548 2342 1611 πη
2374 1524 2495 1607 μὲν
2527 1522 2784 1602 τάξεως
2810 1528 2944 1590 τῶν

627 1632 754 1717 δρα
785 1630 1060 1714 ἔχοντες,
1092 1634 1445 1718 φαίνοντες
1475 1625 1547 1692 δὲ
1576 1617 1760 1709 ὅμως
1812 1625 2184 1714 ἒῤῥύθμων,
2237 1624 2334 1715 πὴ
2379 1625 2451 1692 δὲ
2492 1629 2611 1712 τῆς
2657 1630 2949 1716 ταραχῆς

632 1736 897 1820 ῥυθμοῦ
941 1756 1124 1810 τινος
1169 1727 1379 1807 εἶδος·
1810 1732 1942 1794 τῶν
1986 1721 2353 1815 ἆῤῥύθμων
2395 1728 2902 1817 μετειληφότες·

717 1830 1060 1922 ἅῤῥυθμοι
1116 1833 1189 1899 δὲ
1235 1833 1300 1899 οἱ
1357 1830 1632 1906 πάντως
1677 1823 1758 1893 ἅ-
1896 1836 1958 1910 2)
2005 1828 2347 1918 ι’ἱῤῥυθμοι
2392 1830 2465 1895 δὲ
2496 1830 2562 1896 οἱ
2595 1832 2947 1908 παντελῶς

629 1958 916 2023 γνωστοι
947 1934 1204 2017 ἔχοντες
1244 1931 1415 2020 πρὸς
1446 1931 1759 2015 α’λλήλοις
1814 1928 2089 1998 ἄτακτοι
2151 1934 2260 1998 καὶ
2322 1925 2578 2018 ἀλόγως
2646 1930 2950 2019 συνειρό-

634 2037 974 2104 σύνθεσιν.
1809 2060 2020 2120 μενοι.
2111 2031 2400 2120 [Numeri
2454 2036 2768 2121 adscripti
2812 2037 2948 2120 sig-

1811 2138 2073 2206 nificant
2117 2157 2264 2204 eum
2310 2137 2602 2205 ordinem
2618 2188 2636 2222 ‚
2694 2139 2806 2221 qui
2854 2139 2949 2204 in·

1813 2241 2066 2308 venitur
2108 2241 2175 2305 in
2220 2233 2590 2325 codicibus.]

808 2346 1184 2413 Sermonem
1232 2361 1373 2409 esse
1431 2342 1513 2408 de
1559 2343 1959 2426 temporibus
2005 2343 2373 2427 compositis
2426 2348 2491 2408 et
2535 2341 2688 2408 inde
2730 2344 2953 2425 sequi·

635 2458 755 2534 tur,
802 2446 975 2533 quod
1007 2448 1193 2513 unius
1239 2446 1544 2530 temporis
1574 2444 1853 2511 absoluti
1898 2445 2176 2529 spatium
2222 2464 2337 2529 per
2366 2463 2437 2512 se
2468 2445 2771 2527 cognosci
2812 2464 2958 2512 non

635 2557 849 2636 potest
903 2556 967 2617 et
1009 2548 1182 2632 quod
1228 2549 1521 2616 notiones
1566 2545 1917 2626 σύνθεσις,
1980 2544 2465 2631 συνειρόμενοι,
2531 2543 2726 2630 λόγος
2771 2543 2957 2632 πρὸς

638 2645 962 2739 ἀλλήλους
1017 2651 1458 2733 inveniuntur,
1517 2649 1797 2734 denique
1857 2650 2252 2717 demonstrat
2307 2656 2798 2734 praeceptorum
2842 2670 2954 2717 co-

640 2773 847 2820 nexus
890 2751 1065 2837 apud
1111 2751 1489 2835 Aristidem,
1536 2752 1647 2835 qui
1690 2759 1984 2835 tempora
2027 2752 2414 2835 composita,
2474 2752 2771 2835 quamvis
2812 2752 2959 2818 alia

638 2862 833 2936 atque
877 2853 1301 2919 Aristoxenus
1359 2853 1784 2936 intellexerit,
1841 2858 2034 2919 antea
2086 2860 2358 2920 tractata
2411 2854 2675 2938 respicit
2725 2854 2956 2921 verbis

636 2951 888 3020 τούτων
920 2951 1001 3039 δὴ
1030 2962 1162 3018 τῶν
1179 2953 1451 3039 χρόνων.
1528 2952 1980 3031 Quaerendum
2015 2961 2229 3021 autem
2261 2957 2555 3040 primum,
2587 2961 2733 3021 utra
2761 2975 2958 3039 prae-

638 3062 828 3141 cepta
870 3057 1195 3123 notionem
1246 3057 1738 3124 Aristoxeneam
1782 3057 2057 3141 tradant,
2103 3065 2311 3124 utrum
2357 3077 2522 3141 quae
2570 3049 2959 3141 εὐρύθμους

639 3164 874 3226 vocant
911 3155 1208 3241 χρόνους,
1255 3180 1338 3225 an
1384 3176 1551 3242 quae
1597 3156 1995 3244 ἐῤῥύθμους.

811 3256 1173 3346 Εὕρυθμον
1217 3262 1522 3347 scriptum
1554 3260 1852 3328 videmus
1888 3263 1954 3327 in
1983 3263 2358 3347 fragmentis
2385 3261 2828 3329 Aristoxeneis
2865 3263 2957 3329 el.

638 3364 732 3432 rh.
764 3387 829 3450 p.
861 3368 986 3430 276
1017 3363 1122 3430 fin.
1155 3393 1237 3416 =
1271 3366 1372 3447 30,
1411 3368 1487 3428 17
1511 3363 1644 3429 W.:
1704 3355 2053 3450 ἀμφότερα
2106 3361 2233 3449 γὰρ
2292 3365 2585 3449 πέφυκεν
2646 3360 2961 3443 ἐπιδέχε-

642 3470 816 3531 σθαι
857 3463 933 3530 τὸ
983 3462 1471 3551 ῥυθμιζόμενον
1516 3465 1918 3544 (subiectum)
1975 3463 2060 3530 τὰ
2107 3458 2494 3553 συστήματα
2553 3466 2957 3551 (obiectum),

641 3565 716 3631 τό
763 3589 851 3630 τε
882 3560 1219 3648 εὔρυθμον
1264 3568 1375 3631 καὶ
1419 3565 1495 3633 τὸ
1546 3561 1917 3653 ὂὲῤῥυθμον.
2010 3569 2079 3634 Ρ.
2112 3571 2236 3635 296
2266 3597 2352 3621 ---·
2382 3572 2482 3652 35,
2517 3572 2552 3631 7
2579 3568 2709 3633 W.:
2759 3558 2959 3633 οὐδὲν

641 3665 767 3752 γὰρ
836 3661 1051 3732 αὐτῶν
1116 3670 1279 3746 (scil.
1336 3671 1454 3753 τῆς
1520 3664 1779 3755 ἅρσεως
1834 3672 1947 3735 καὶ
2002 3672 2120 3755 τῆς
2168 3668 2432 3753 βάσεως
2496 3671 2616 3734 τοῦ
2678 3673 2957 3751 χορείου

644 3763 909 3855 ἀλόγου)
955 3773 1198 3856 μέτρον
1242 3768 1465 3838 κοινὸν
1510 3766 1867 3858 εὔρυθμον.
1956 3774 2028 3840 Ρ.
2055 3776 2178 3841 298
2210 3801 2295 3824 =
2326 3777 2428 3857 35,
2460 3776 2536 3836 21
2565 3772 2699 3838 W.:
2746 3772 2957 3858 pedes

641 3876 815 3958 γένει
861 3870 1231 3960 διαφόρους
1276 3874 1514 3940 habere
1558 3885 1817 3961 praeter
1858 3877 2051 3960 aequi
2097 3884 2161 3942 et
2190 3875 2373 3961 dupli
2416 3876 2698 3942 rationes
2746 3868 2956 3942 ἄλλον

643 3970 793 4039 τινὰ
837 3977 971 4039 τῶν
1016 3967 1370 4058 εὐρύθμων
1392 3974 1668 4060 χρόνων.
1758 3979 1830 4046 Si
1875 3984 2088 4045 autem
2127 3975 2363 4062 χρόνος
2394 3970 2733 4061 εὔρυθμος
2775 3979 2956 4045 idem

644 4078 782 4145 fere
826 4078 950 4145 sibi
997 4080 1137 4144 vult
1180 4078 1355 4162 quod
1387 4075 1598 4165 λόγος,
1631 4081 1933 4165 'sequitur
1963 4081 2089 4146 huc
2120 4080 2351 4146 cadere
2381 4100 2512 4146 non
2541 4100 2736 4147 unam
2764 4101 2955 4165 prae-
