3177 4960
593 362 716 422 202
1558 362 1719 430 Hugo
1755 362 1787 416 J
1793 368 1945 416 usatz

590 536 762 612 (Rh.³
790 558 855 622 p.
893 539 1031 602 138.
1089 536 1334 601 Harm.³
1363 556 1427 619 p.
1460 540 1585 619 54),
1644 535 2092 619 Marquardius
2147 541 2234 619 (p.
2267 536 2418 612 241)
2473 540 2691 600 autem
2750 532 2910 599 duo-

591 640 910 708 decimam
962 640 1072 705 vel
1114 639 1488 704 vicesimam
1549 644 1841 721 quartam
1900 639 2035 704 toni
2093 644 2358 721 partem.
2447 635 2574 716 Qui
2619 635 2907 719 quidem,

590 763 757 826 quae
800 740 1146 809 intervalla
1188 741 1316 807 sint
1358 741 1722 824 rationalia,
1768 742 1897 806 iam
1943 741 2353 825 perspexisse
2399 739 2659 807 videtur
2675 788 2691 821 ,
2755 740 2909 805 item

590 846 843 913 Bartels
887 865 950 928 p.
983 848 1062 908 47
1095 864 1213 928 sq.,
1260 844 1375 910 sed
1418 849 1800 927 argumenta
1842 851 2066 910 neuter
2107 844 2402 929 protulit;
2462 841 2910 928 Westphalius

588 967 743 1015 vero
775 948 952 1013 solus
993 947 1199 1013 fusius
1228 966 1363 1013 rem
1408 947 1732 1029 tractavit,
1779 945 1895 1011 sed
1939 965 2107 1030 quae
2152 947 2383 1012 iterum
2429 952 2627 1029 atque
2674 945 2911 1010 iterum

588 1049 855 1135 protulit
878 1049 1181 1126 (Aristox.
1206 1070 1268 1114 V.
1293 1048 1534 1115 'Parent
1556 1069 1622 1132 p.
1645 1048 1802 1131 2883
1828 1047 2075 1113 Harm.³
2101 1068 2166 1131 p.
2200 1050 2282 1111 56
2305 1067 2434 1130 sq.;
2465 1045 2613 1112 Rh.⁸
2640 1066 2706 1130 p.
2740 1047 2910 1126 140),

589 1172 715 1220 non
781 1153 1168 1219 conveniunt
1224 1170 1367 1218 cum
1427 1151 1552 1233 eis,
1612 1170 1780 1234 quae
1838 1151 2075 1216 tradita
2131 1159 2292 1216 sunt.
2380 1150 2607 1233 Itaque
2666 1166 2913 1232 operae

588 1256 864 1339 pretium
894 1254 1176 1321 facturus
1207 1273 1346 1320 sum
1387 1254 1454 1318 in
1498 1252 1622 1320 hac
1668 1272 1926 1336 quoque
1956 1253 2239 1319 musicae
2280 1258 2467 1336 parte
2498 1249 2915 1335 Westphalio

589 1358 920 1439 obsistere,
969 1362 1034 1422 et
1074 1356 1369 1439 quamvis
1411 1355 1706 1441 pluribus
1748 1356 2020 1421 fortasse
2066 1374 2259 1438 quam
2301 1352 2708 1438 rhythmicae
2756 1372 2915 1437 cog-

586 1459 745 1525 nitio
789 1459 1103 1544 postulat,
1164 1464 1377 1523 tamen
1421 1457 1506 1524 ad
1551 1459 1880 1524 notionem
1923 1459 2103 1524 vocis
2152 1450 2391 1539 ἄλογος
2434 1461 2609 1523 recte
2655 1455 2914 1522 intelle·

588 1561 865 1644 gendam
911 1561 1005 1627 eis
1051 1580 1270 1627 carere
1313 1580 1443 1627 non
1486 1580 1682 1645 posse
1727 1559 1885 1625 mihi
1928 1560 2220 1627 videbar.

758 1663 853 1730 Ac
907 1663 1182 1747 primum
1239 1662 1502 1746 quidem
1556 1664 1624 1727 in
1681 1662 1964 1729 Pseudo·
1968 1661 2260 1728 Euclidis
2316 1660 2793 1726 introductione
2836 1661 2916 1725 in

585 1785 745 1832 mus.
792 1767 903 1849 (p.
921 1768 1016 1848 10,
1056 1767 1132 1829 18
1164 1766 1349 1847 Mb.),
1408 1785 1601 1848 quam
1659 1765 1941 1849 pendere
1986 1764 2069 1830 ab
2113 1764 2484 1830 Aristoxeni
2530 1763 2716 1828 libris
2762 1761 2917 1827 har-

587 1869 859 1935 monicis
917 1874 1195 1950 constat,
1261 1887 1482 1934 omnes
1543 1888 1694 1950 sex,
1755 1887 1921 1950 quae
1965 1872 2448 1948 enumerantur,
2509 1864 2917 1931 tetrachordi

588 1968 941 2035 divisiones
990 1974 1302 2034 vocantur
1347 1967 1544 2053 ῥηταὶ
1587 1969 1703 2032 καὶ
1744 1967 2088 2052 γνώριμοι.
2180 1969 2432 2035 Deinde
2476 1968 2916 2055 Aristoxenus

585 2071 726 2154 ipse
771 2090 834 2153 p.
869 2072 983 2153 72,
1022 2070 1099 2133 18
1129 2070 1339 2153 qu.:
1396 2068 1840 2156 τετραχόρδου
1900 2069 1973 2135 δέ
2017 2069 2180 2149 εἰσι,
2238 2072 2476 2154 inquit,
2540 2069 2915 2154 διαιρέσεις

588 2168 917 2255 ἐξαιρετοί
942 2192 1017 2235 τε
1045 2172 1156 2236 καὶ
1191 2168 1512 2255 γνώριμοι
1545 2164 1762 2251 αὗται,
1811 2170 1889 2236 αἵ
1914 2170 2084 2238 εἰσιν
2115 2171 2211 2249 εἷς
2252 2170 2624 2257 γνώριμα
2675 2168 2715 2234 δ
2733 2196 2913 2237 ιαι-

587 2270 794 2354 ρούμ
816 2295 955 2338 ενα
989 2277 1302 2361 μεγέθη
1338 2273 1950 2361 διαστημάτων.
2012 2275 2259 2354 Quibus
2290 2275 2665 2359 praemissis
2688 2276 2913 2341 statim

584 2396 885 2443 sonorum
917 2378 1251 2444 mobilium
1298 2379 1646 2445 intervalla
1690 2377 2094 2461 definiuntur,
2141 2396 2308 2461 quae
2352 2379 2420 2443 in
2464 2397 2706 2461 genere
2750 2397 2911 2443 uno-

585 2500 840 2564 quoque
874 2487 938 2547 et
982 2479 1180 2548 chroa
1224 2501 1609 2565 unaquaque
1656 2482 1853 2549 insint
1894 2488 2091 2565 atque
2137 2478 2487 2548 eorundem
2530 2480 2907 2546 intervallo-

582 2603 723 2648 rum
767 2584 981 2668 spatia
1023 2585 1158 2650 toni
1201 2585 1493 2667 partibus
1539 2584 1977 2667 designantur,
2024 2586 2117 2649 ita
2159 2590 2230 2649 ut
2273 2604 2357 2650 ex
2401 2584 2497 2650 eis
2540 2583 2917 2651 intervallis

582 2692 694 2751 aut
722 2687 1092 2770 systematis
1139 2685 1456 2769 quaedam
1491 2686 1841 2752 eximenda
1883 2705 2025 2752 esse
2068 2706 2197 2753 non
2241 2688 2309 2751 in
2352 2692 2634 2752 mentem
2683 2685 2918 2752 veniat

580 2788 809 2854 lectori
866 2789 1254 2872 incorrupto.
1342 2788 1605 2871 Apertis
1666 2794 1882 2855 autem
1930 2788 2146 2854 verbis
2201 2808 2281 2854 ea
2335 2789 2481 2872 ipsa
2533 2789 2913 2871 intervalla,

583 2907 750 2971 quae
781 2889 1181 2955 irrationalia
1209 2888 1475 2956 duxisse
1503 2890 1964 2958 Aristoxenum
1995 2889 2438 2975 Westphalius
2461 2889 2705 2973 docuit,
2755 2889 2914 2956 dico

583 2991 929 3056 intervalla
972 2989 1321 3058 chromatis
1364 2993 1579 3059 mollis
1628 2999 1692 3059 et
1736 2992 2047 3076 hemiolii,
2091 2993 2176 3058 ab
2221 2991 2508 3058 Aristide
2554 2996 2642 3076 (p.
2683 2995 2762 3056 19
2793 2991 2909 3058 fin.

580 3093 734 3169 Mb.)
765 3092 1063 3159 dicuntur
1099 3090 1297 3180 ῥητάε
1341 3091 1417 3158 τὸ
1467 3092 1540 3158 δὲ
1580 3096 1816 3178 χρῶμα
1862 3092 2284 3177 διαιρ7’σεται
2314 3091 2409 3170 εἰς
2453 3091 2912 3181 διαστήματα,

581 3184 710 3259 ὅσα
768 3182 848 3259 ὃν
904 3192 1106 3282 ῥητὰ
1149 3192 1396 3277 μεταξὺ
1444 3197 1565 3259 τοῦ
1621 3218 1695 3259 τε
1749 3190 2096 3280 ἡμιτονίου
2157 3196 2270 3261 καὶ
2324 3197 2444 3280 τῆς
2500 3191 2913 3280 ἐναρμονίου

582 3296 855 3375 διέσεως
886 3292 1262 3382 εὑρίσκεται
1263 3346 1667 3376 .......
1714 3301 1968 3381 γίνεται
1997 3302 2222 3363 τοίνυν
2250 3299 2371 3362 τοῦ
2397 3296 2520 3379 μὲν
2545 3295 2915 3382 χρώματος

581 3397 723 3485 εἴδη
755 3397 834 3482 y'.
923 3400 1112 3478 Quod
1145 3399 1463 3466 Aristides
1495 3400 1636 3466 sive
1669 3401 1743 3481 is,
1791 3419 1980 3483 quem
2010 3402 2300 3482 sequitur
2340 3401 2470 3483 ille,
2516 3420 2646 3466 non
2679 3407 2915 3485 petere

580 3501 791 3584 potuit
819 3501 944 3567 nisi
975 3520 1058 3565 ex
1089 3500 1382 3568 doctrina
1410 3502 1862 3567 Aristoxenea.
1951 3501 2119 3567 Nam
2149 3502 2264 3568 alii
2295 3496 2542 3586 musici,
2575 3503 2707 3569 nisi
2738 3504 2914 3570 forte

579 3602 1033 3668 Aristoxenum
1082 3609 1430 3685 sequuntur
1446 3653 1462 3686 ,
1511 3604 1807 3686 quamvis
1848 3605 2258 3670 rationalium
2306 3611 2371 3671 et
2427 3605 2913 3671 irrationalium

578 3705 1062 3770 intervallorum
1095 3704 1390 3770 notiones
1421 3705 1856 3771 mutuaverint
1883 3706 1968 3770 ab
1997 3706 2407 3787 Aristoxeno,
2448 3712 2669 3772 tamen
2702 3707 2915 3774 variis

577 3825 982 3871 numerorum
1041 3806 1565 3889 proportionibus
1634 3805 2026 3873 tetrachordi
2085 3808 2431 3873 intervalla
2488 3806 2911 3894 definientes,

577 3907 741 3975 alias
764 3906 993 3974 chroas
1017 3902 1222 3993 ῥητὰς
1243 3907 1354 3971 καὶ
1376 3912 1754 3991 γνωρίμους
1777 3928 1919 3975 esse
1941 3909 2123 3975 aiunt
2143 3930 2409 3976 numero
2427 3916 2572 3977 octo
2594 3911 2913 3988 (Ptolem.

575 4009 752 4095 apud
773 4009 943 4075 Man.
969 4009 1246 4092 Bryenn.
1279 4008 1381 4075 ed.
1407 4010 1658 4077 Wallis.
1692 4031 1837 4094 opp.
1859 4010 2058 4076 math.
2082 4012 2211 4077 vol.
2242 4011 2341 4076 III
2363 4032 2425 4096 p.
2455 4012 2630 4096 387),
2663 4015 2911 4097 quibus

575 4119 832 4200 praeter
860 4113 1122 4179 nomina
1166 4111 1483 4194 quaedam
1529 4132 1674 4178 cum
1705 4113 2150 4179 Aristoxeneis
2194 4133 2533 4180 cummune
2582 4121 2686 4181 est
2714 4116 2907 4182 nihil.
