3177 4960
872 342 958 397 De
992 342 1404 398 irrationalitate
1439 342 1623 398 studia
1655 343 1975 410 rhythmica.
2461 344 2585 404 239

254 519 372 583 καὶ
423 513 601 581 πολὺ
660 514 736 581 τὸ
785 514 1166 599 ταραχῶδες
1225 510 1702 601 ἐπιφαίνοντες
1757 518 1854 601 τῷ
1898 516 2065 601 μηδὲ
2120 514 2238 583 τὸν
2286 510 2585 603 ἀριθμὸν

256 621 579 700 (correxit
601 616 956 698 Rossbach,
984 611 1335 702 ἄρρυθμον
1359 618 1596 698 codd.),
1631 616 1702 694 ἐξ
1724 611 1798 683 οὗ
1828 621 2203 699 συνεστᾶσι,
2229 617 2351 697 τὰς
2375 612 2585 699 αὐτὰς

258 721 587 788 ἑκάστοτε
633 720 974 807 διατηρεῖν
1005 717 1251 800 τάξεις,
1301 712 1440 784 ἀλλ’
1479 716 1594 785 ὁτὲ
1637 719 1759 803 μὲν
1790 713 1930 787 ἀπὸ
1964 724 2221 808 μακρᾶς
2253 717 2587 808 ἄρχεσθαι

259 827 432 905 (scil.
478 820 597 890 τὸν
630 816 977 907 ἀριθμὸν),
1025 819 1246 907 λήγειν
1293 814 1358 886 δ’
1398 821 1495 900 εἰς
1520 827 1839 906 βραχεῖαν
1874 812 1917 910 ἢ
1948 821 2285 906 ἐναντίως,
2330 826 2442 890 καὶ
2474 821 2587 891 ὁτὲ

255 928 387 1011 μὲν
420 919 561 993 ἀπὸ
595 923 874 1004 θέσεως,
922 920 1035 990 ὁτὲ
1081 924 1153 990 δὲ
1202 920 1293 1002 ὥς
1323 923 1565 1009 ἑτέρως
1608 924 1730 1012 τὴν
1761 923 2085 1014 ἐπιβολὴν
2115 929 2233 1012 τῆς
2266 925 2584 1012 περιόδου

260 1032 655 1096 ποιεῖσθαι.
745 1028 887 1107 Quo
936 1030 1080 1095 loco
1111 1035 1335 1112 aperte
1377 1028 1839 1113 dignoscuntur
1884 1029 2054 1097 duae
2086 1031 2586 1115 compositorum

256 1133 507 1218 pedum
552 1132 826 1217 species,
873 1132 1057 1197 alteri
1105 1132 1276 1197 enim
1321 1152 1400 1198 ac
1444 1132 1703 1216 plurimi
1748 1128 1940 1211 (κατὰ
1984 1128 2061 1197 τὸ
2111 1132 2455 1211 πλεῖστον)
2503 1153 2587 1199 ex

261 1235 510 1319 iniquis
568 1233 844 1318 pedibus
889 1233 1232 1318 compositi
1278 1239 1458 1318 sunt,
1518 1235 1708 1300 alteri
1755 1255 1840 1301 ex
1883 1236 2110 1319 aequis
2153 1236 2385 1321 spatio.
2475 1237 2585 1302 At-

256 1356 396 1421 que
427 1335 594 1403 haec
623 1334 886 1419 quidem
926 1335 1181 1419 species
1214 1334 1339 1402 huc
1369 1336 1616 1402 attinet.
1706 1335 1890 1414 Quae
1921 1346 1991 1403 ut
2020 1339 2390 1420 illustretur,
2438 1358 2585 1404 con·

262 1437 543 1507 ferenda
563 1443 711 1505 sunt
737 1457 835 1520 ea,
881 1457 1049 1521 quae
1075 1439 1139 1502 in
1165 1438 1380 1520 priore
1402 1438 1823 1506 institutionis
1847 1459 2004 1506 suae
2027 1447 2209 1524 parte
2242 1444 2329 1524 (p.
2356 1444 2436 1507 37
2454 1440 2582 1506 Mb.

260 1570 354 1593 =
387 1543 605 1624 56,13
635 1559 776 1623 sqq.
811 1539 934 1618 W.)
1003 1539 1087 1607 de
1147 1538 1425 1624 pedibus
1480 1537 1651 1604 κατὰ
1708 1540 2029 1624 περίοδον
2088 1543 2463 1635 compositis
2519 1542 2586 1608 in

262 1663 508 1727 genere
552 1643 832 1709 iambico
869 1641 1187 1709 Aristides
1233 1642 1538 1726 prodidit.
1628 1643 1818 1711 Unde
1847 1646 1993 1727 quis
2025 1650 2123 1710 est
2151 1646 2307 1727 quin
2336 1645 2586 1710 intelle·

265 1752 382 1830 gat
424 1745 626 1812 iambi
673 1751 738 1810 et
782 1743 1090 1827 trochaei,
1146 1765 1415 1828 quorum
1461 1747 1645 1812 varia
1688 1746 1999 1812 mixtione
2042 1766 2341 1812 numeros
2388 1745 2585 1811 dode-

270 1867 567 1915 casemos
596 1849 745 1914 illos
776 1848 1124 1931 componit,
1170 1867 1507 1914 commune
1539 1849 1822 1931 spatium
1851 1850 2207 1932 nuncupari
2240 1842 2587 1931 ἀριθμόνῖ

264 1948 710 2034 Westphalius
767 1949 982 2033 (Frgg.
1015 1970 1075 2015 u.
1108 1947 1366 2016 Lehrss.
1419 1970 1482 2033 p.
1521 1953 1667 2029 197)
1711 1970 1867 2016 vero
1913 1941 2215 2032 ἀριθμὸν
2259 1949 2369 2016 hic
2412 1948 2586 2016 idem

264 2054 394 2120 sibi
414 2052 597 2150 yelle
629 2051 959 2119 contendit
1002 2051 1177 2135 quod
1213 2042 1528 2136 μέγεθος,
1575 2053 1715 2120 scil.
1749 2051 2285 2137 dodecasemum3
2330 2059 2399 2119 at
2430 2051 2586 2135 quid

266 2156 357 2222 ad
400 2149 578 2241 ἦθος
620 2154 1121 2238 uniuscuiusque
1166 2174 1251 2222 ex
1282 2155 1630 2222 duodecim
1676 2155 1826 2239 illis,
1873 2175 2037 2239 quos
2082 2161 2415 2222 enumerat
2443 2155 2585 2220 Ari·

266 2257 495 2340 stides‚
539 2256 816 2341 pedibus
846 2256 1293 2324 dodecasemis
1336 2259 1583 2340 attinet,
1631 2278 1783 2325 num
1811 2264 2068 2342 praeter
2099 2278 2245 2325 eum
2274 2258 2389 2324 alii
2421 2257 2584 2323 eius·

266 2359 448 2426 modi
480 2358 684 2442 pedes
715 2359 984 2425 extent?
1058 2360 1288 2443 Neque
1320 2360 1493 2426 enim
1539 2358 1647 2427 hic
1680 2359 2024 2427 duodecim
2055 2360 2152 2425 illi
2183 2359 2386 2442 pedes
2417 2379 2585 2425 com-

265 2462 467 2548 positi
524 2462 689 2528 inter
746 2479 818 2529 se
877 2462 1316 2545 conferuntur,
1376 2482 1601 2529 verum
1648 2460 1935 2529 dicturus
1990 2468 2088 2529 est
2130 2467 2382 2546 auctor,
2429 2459 2588 2544 quid

269 2566 512 2650 singuli
557 2585 641 2631 ex
673 2565 767 2631 eis
813 2583 931 2649 per
975 2585 1045 2632 se
1076 2566 1407 2649 proprium
1453 2563 1739 2631 habeant
1784 2571 1848 2630 et
1888 2565 1973 2630 ab
2019 2566 2586 2649 incompositorum

265 2667 719 2752 rhythmorum
747 2673 977 2733 natura
1006 2666 1382 2750 abhorrens,
1429 2666 1603 2732 unde
1640 2666 1881 2733 oriatur
1911 2663 2185 2752 ταραχή.
2274 2667 2363 2734 Ut
2392 2667 2582 2733 inter-

267 2769 700 2856 pretationem
744 2789 926 2836 suam
973 2775 1227 2836 tueatur
1264 2767 1728 2853 Westphalius‚
1774 2768 2020 2836 confert
2061 2765 2179 2834 τὸν
2224 2766 2585 2850 σύμπαντα

269 2864 572 2956 ἀριθμόν
635 2870 924 2948 (Aristid.
957 2893 1018 2956 p.
1055 2875 1132 2935 41
1168 2872 1295 2937 Mb.
1329 2900 1410 2923 =
1443 2874 1546 2955 61,
1585 2874 1663 2936 12
1689 2872 1846 2956 W.);
1905 2879 1975 2938 at
2031 2892 2109 2939 eo
2169 2871 2349 2957 ipso,
2410 2872 2587 2956 quod

267 2974 532 3043 additur
584 2971 888 3058 σύμπας,
949 2980 1015 3040 et
1058 2973 1230 3057 quod
1276 2975 1443 3040 infra
1497 2978 1584 3058 (p.
1618 2977 1722 3059 61,
1767 2976 1873 3053 28)
1934 2976 2001 3040 in
2059 2974 2184 3043 hoc
2244 2972 2586 3058 σύμπαντι

270 3069 556 3161 ἀριθμῷ
585 3077 867 3143 minores
900 3067 1189 3161 ἀριθμοὶ
1225 3078 1441 3145 inesse
1471 3077 1770 3145 dicuntur
1799 3079 1979 3144 velut
2019 3074 2214 3161 τριὰς
2257 3083 2323 3143 et
2352 3073 2582 3155 ἑπτάς,

271 3180 639 3248 declaratur
684 3170 983 3262 ἀριθμός
1039 3180 1290 3246 minora
1334 3179 1549 3263 spatia
1592 3179 2161 3264 comprehendere.
2243 3170 2584 3261 Ἀριθμὸς
2633 3185 2638 3190 ’

269 3284 487 3368 igitur,
533 3282 643 3365 qui
673 3282 741 3347 in
770 3282 1040 3365 singulis
1073 3289 1138 3348 et
1165 3282 1478 3349 absolutis
1508 3283 1640 3350 illis
1670 3283 1946 3367 pedibus
1977 3279 2423 3347 dodecasemis
2453 3300 2583 3345 non

271 3385 537 3452 eosdem
593 3383 851 3450 ordines
907 3381 1178 3462 (τάξεις)
1236 3403 1528 3469 servare,
1587 3384 1703 3451 sed
1757 3383 1949 3449 modo
2009 3381 2331 3467 trochaei,
2388 3381 2581 3448 modo

269 3487 471 3553 iambi
515 3486 800 3571 speciem
843 3486 1159 3570 praebere
1201 3485 1587 3569 affirmatur,
1647 3492 1745 3552 est
1791 3505 2127 3553 commune
2184 3483 2475 3553 trochaei
2520 3494 2587 3551 et

271 3589 476 3655 iambi
520 3590 801 3673 spatium
846 3588 1176 3655 trisemum
1223 3587 1364 3653 sive
1409 3588 1600 3653 trium
1647 3606 1967 3652 morarum
2013 3587 2196 3652 varie
2241 3585 2583 3671 disposita-

271 3712 411 3758 rum
458 3712 728 3759 summa.
817 3691 915 3758 Ac
942 3691 1162 3757 nescio
1206 3710 1290 3755 an
1318 3690 1599 3772 spatium
1645 3690 1975 3756 trisemum
2019 3689 2215 3756 liceat
2248 3689 2582 3773 appellare

275 3785 578 3879 ἀριθμὸν
632 3796 958 3880 τρίσημον
1014 3794 1106 3859 ita
1149 3792 1376 3875 etiam,
1436 3793 1491 3857 si
1549 3793 1617 3856 in
1672 3790 1801 3858 duo
1846 3799 2140 3875 tempora
2181 3789 2583 3858 irrationalia

273 3896 667 3980 dispertitur.

445 3998 855 4082 Supersedeo
902 3997 1220 4065 disserere
1277 3997 1358 4063 de
1403 3997 1565 4063 locis
1607 3996 1949 4064 Aristideis
1994 4016 2057 4079 p.
2088 3998 2168 4060 97
2201 3995 2331 4060 Mb.
2363 4022 2448 4046 =
2478 3997 2579 4073 64,

277 4105 315 4167 3
347 4102 445 4168 W.
497 4100 604 4181 (de
634 4100 890 4185 generis
936 4099 1195 4168 iambici
1239 4100 1459 4167 indole
1504 4120 1583 4166 ac
1611 4100 1865 4179 natura)
1908 4106 2065 4183 etp.
2099 4098 2330 4249 39121b.
2363 4126 2448 4148 =
2477 4100 2579 4175 59,
