3177 4960
807 336 890 390 De
924 336 1340 391 irrationalitate
1374 336 1554 400 studia
1588 338 1906 407 rhythmica.
2390 339 2513 398 251

200 512 602 596 exprimitur,
649 510 788 576 sive
821 510 994 593 quod
1027 530 1172 577 cum
1203 509 1503 577 contrahi
1523 511 1747 595 possit,
1793 518 2006 578 tamen
2037 513 2325 579 solvitur.
2415 514 2516 578 Ex

202 634 423 682 eorum
456 620 814 697 temporum
839 632 982 678 cum
1007 613 1538 680 antecedentibus
1558 614 1874 680 mixtione
1905 616 1970 679 in
1994 613 2269 682 diversis
2290 613 2514 698 rhyth-

208 717 589 783 mizomenis
634 716 923 782 oriuntur
967 721 1261 799 tempora
1305 716 1529 781 mixta.

375 823 435 883 4.
470 819 795 902 Tempora
827 810 1063 893 ἅπλῶς
1093 814 1389 881 σύνθετα
1419 818 1759 897 (Aristox.:
1792 812 2113 894 ὡσαύτως
2144 847 2230 869 =--
2263 811 2515 898 ἅπλῶς,

207 922 283 987 cf.
319 922 401 988 el.
434 920 637 986 harm.
669 940 733 1003 p.
771 920 875 1003 58,
910 922 966 984 6.
1001 922 1039 983 9
1070 918 1278 1002 qu.:
1337 912 1570 996 ἅπλῶς
1617 918 1834 985 εἰπεῖν
1882 970 2151 986 ......
2197 915 2519 996 ὦσαύτως

212 1021 454 1102 εἰπεῖν)
501 1028 647 1089 sunt
692 1041 859 1105 quae
904 1027 1016 1087 aut
1060 1023 1315 1087 omnino
1361 1023 1683 1089 excedunt
1727 1030 2088 1105 temporum
2131 1025 2517 1107 incomposi-

207 1133 412 1191 torum
463 1125 743 1207 spatium
789 1124 1175 1207 maximum,
1233 1131 1344 1189 aut
1401 1126 1650 1191 minora
1694 1145 1862 1209 quae
1919 1143 2046 1190 una
2098 1125 2353 1208 syllaba
2396 1131 2515 1191 etc.

209 1227 484 1310 exprimi
528 1226 784 1308 liceret,
845 1225 971 1292 nisi
1015 1231 1278 1309 propter
1334 1227 1660 1309 quandam
1719 1234 2075 1312 temporum
2123 1228 2519 1310 singulorum

208 1335 500 1395 naturam
554 1329 742 1411 plura
784 1325 1480 1410 rhythmizomenorum
1542 1331 1861 1395 elementa
1905 1330 2329 1414 postularent3
2379 1329 2520 1395 sive

208 1451 373 1514 quae
418 1431 681 1514 omnino
726 1449 853 1494 non
899 1428 1192 1496 contrahi
1236 1431 1408 1515 licet,
1456 1432 1635 1498 velut
1673 1427 1911 1518 χρόνος
1957 1429 2238 1518 ὃίσημος
2284 1424 2521 1505 ἅπλῶς

210 1530 555 1611 σύνθετος,
603 1532 714 1615 qui
739 1532 904 1597 binis
937 1532 1241 1599 brevibus
1274 1534 1569 1617 expletur
1600 1535 1666 1599 in
1698 1534 1916 1600 metris
1946 1535 2175 1601 ionicis
2207 1531 2520 1600 choriam-

212 1636 534 1718 bicisque,
592 1636 658 1699 in
701 1634 1125 1718 logaoedicis,
1177 1634 1734 1718 dactyloepitritis,
1782 1636 1848 1701 in
1891 1637 2272 1719 pentametri
2317 1636 2524 1701 altera

211 1744 409 1822 parte,
459 1737 642 1803 alias.
719 1736 916 1803 Cuius
949 1739 1045 1803 rei
1076 1757 1242 1821 quae
1288 1738 1372 1802 sit
1401 1757 1615 1820 causa,
1664 1736 1731 1802 id
1760 1738 2166 1822 potissimum
2211 1736 2523 1820 indagare

211 1838 613 1924 rhythmicae
659 1844 774 1904 est.

377 1941 484 2007 Ab
530 1939 653 2006 hac
698 1941 1068 2007 Aristoxeni
1112 1943 1361 2008 ratione
1405 1940 1753 2009 abhorrere
1797 1940 2179 2024 Aristidem,
2236 1942 2365 2006 iam
2410 1942 2525 2007 alii

215 2041 545 2125 viderunt3
605 2062 771 2126 quae
835 2043 1006 2108 enim
1064 2043 1176 2109 ille
1234 2039 1404 2107 κατὰ
1449 2039 1568 2131 τὴν
1620 2044 1739 2128 τῆς
1785 2043 2249 2130 ῥυθμοποιίας
2287 2043 2524 2129 χρῆσιν

215 2145 642 2228 incomposita
669 2147 980 2230 appellat,
1028 2143 1134 2212 hic
1179 2152 1371 2214 vocat
1401 2148 1778 2230 composita,
1823 2153 2117 2231 tempora
2146 2152 2258 2211 aut
2289 2137 2526 2221 ἁπλῶς

215 2253 322 2312 aut
364 2242 536 2311 κατὰ
581 2243 700 2333 τὴν
744 2249 863 2334 τῆς
909 2246 1375 2334 ῥυθμοποιίας
1413 2249 1649 2334 χρῆσιν
1694 2248 2119 2332 incomposita
2162 2253 2227 2314 et
2268 2267 2525 2330 compo-

215 2349 334 2414 sita
376 2367 526 2416 esse
569 2350 854 2433 ignorat,
911 2352 1075 2417 alias
1132 2350 1531 2416 differentias
1595 2349 1836 2432 profert
1881 2348 2136 2434 χρόνων
2184 2343 2418 2413 ἁπλῶν
2464 2358 2528 2415 et

217 2449 663 2531 πολλαπλιῦν,
723 2472 991 2536 quorum
1049 2454 1173 2520 utri
1232 2457 1542 2540 vocentur
1598 2447 1897 2534 ποὸικοὶ,
1961 2449 2345 2518 dissentiunt
2401 2453 2526 2518 viri

216 2552 401 2620 docti.
497 2554 635 2621 Nos
678 2562 892 2623 autem
936 2557 1062 2622 ista
1104 2576 1230 2621 non
1276 2573 1587 2621 curamus.

1331 2791 1400 2858 Ο.

405 2945 525 3011 De
570 2948 1073 3030 temporibus
1119 2944 1628 3029 eurhythmis
1671 2943 2344 3026 rhythmoidibus

1108 3047 1625 3132 arrhythmis.

385 3184 552 3252 Cum
607 3191 824 3252 autem
883 3185 965 3252 de
1012 3191 1370 3270 temporum
1415 3183 1782 3251 differentia
1836 3179 2006 3249 κατὰ
2053 3180 2373 3249 σύνθεσιν
2420 3202 2528 3247 ex-

220 3288 500 3370 positum
547 3293 717 3355 esset
762 3289 828 3353 in
859 3287 1180 3371 excerptis
1225 3284 1607 3370 rhythmicis
1652 3283 2025 3364 maioribus,
2071 3282 2286 3348 statim
2318 3285 2531 3366 pergi-

220 3396 316 3455 tur
359 3388 453 3455 ad
495 3388 717 3474 pedes.
807 3389 893 3455 At
936 3389 1003 3453 in
1048 3389 1318 3473 pristino
1349 3388 1723 3455 Aristoxeni
1768 3385 1934 3451 libro
1980 3388 2128 3468 post
2172 3389 2531 3468 temporum

221 3491 792 3575 incompositorum
856 3496 920 3557 et
964 3492 1464 3576 compositorum
1511 3488 1959 3555 tractationem
2005 3485 2088 3552 de
2134 3489 2533 3572 temporibus

220 3593 474 3677 podicis
499 3600 563 3661 et
585 3590 1124 3678 rhythmopoeiae
1146 3593 1423 3679 propriis
1451 3591 1815 3674 expositum
1843 3588 2045 3654 fuisse
2068 3586 2259 3654 docet
2280 3590 2532 3656 Psellus

223 3698 281 3775 (ξ
313 3698 407 3782 8),
468 3697 538 3762 in
582 3696 941 3778 fragmento
1000 3700 1217 3762 autem
1263 3694 1555 3760 Parisino
1613 3696 1675 3772 (ξ
1708 3696 1774 3771 7)
1830 3697 1895 3757 et
1952 3689 2127 3774 apud
2182 3689 2533 3757 Aristidem

223 3802 304 3882 (p.
340 3801 423 3864 33
448 3799 606 3875 Mb.)
652 3803 1104 3864 enumerantur
1133 3797 1268 3863 alia
1297 3803 1657 3879 temporum
1688 3813 1931 3877 genera
1959 3793 2102 3859 tria.
2190 3792 2287 3859 Ac
2317 3792 2402 3860 de
2433 3791 2534 3858 his

224 3900 486 3983 quidem
533 3900 710 3983 prius
747 3898 1091 3984 agendum.
1167 3899 1281 3965 Est
1311 3898 1511 3963 enim:
