3177 4960
888 359 972 414 De
1005 359 1420 415 irrationalitate
1456 360 1639 416 studia
1672 360 1995 430 rhythmica.
2481 361 2601 420 207

273 528 538 598 πυκνόν
563 527 988 615 χρωματικὸν
1019 526 1330 618 ἡμιόλιον
1361 533 1527 598 inter
1559 541 1773 601 cetera
1802 536 2143 602 rationalia
2173 556 2387 620 pycna
2415 539 2603 603 tertio

271 637 424 701 loco
458 641 887 714 enumeratur,
932 635 1043 700 ubi
1083 635 1378 717 regiones
1423 633 1681 713 (τόποι)
1725 658 2021 704 sonorum
2068 638 2402 703 mobilium
2447 637 2602 704 defi-

271 739 540 802 niuntur
568 741 658 821 (p.
692 739 794 820 34,
834 740 908 802 13
933 757 1072 820 sqq.
1106 737 1327 820 qu.),
1372 741 1670 821 quamvis
1716 741 1916 806 solius
1963 739 2199 806 chroae
2244 740 2417 806 illius
2463 743 2604 807 soni

271 840 558 906 mobiles
600 860 730 906 non
774 840 1118 905 terminent
1160 841 1493 923 regiones,
1541 841 1658 908 sed
1702 843 1898 907 insint
1941 842 2171 908 mediis
2216 841 2283 905 in
2326 843 2603 925 regioni-

272 942 402 1008 bus
435 941 864 1009 chromaticis.
927 941 1070 1019 Quo
1102 943 1169 1006 in
1200 944 1342 1009 loco
1389 943 1563 1025 quod
1596 943 1832 1013 Noster
1875 945 2104 1010 iterum
2135 951 2329 1028 atque
2375 945 2605 1011 iterum

269 1043 517 1127 repetit
560 1043 824 1109 verbum
882 1039 1245 1125 λαμβάνειν
1288 1040 1490 1127 (πρὸς
1534 1045 1632 1128 τῷ
1686 1043 2030 1132 βαρυτέρῳ
2076 1046 2210 1109 τῶν
2267 1042 2604 1127 μενόντων

276 1145 446 1224 (scil.
498 1143 843 1231 φθόγγων)
878 1142 1192 1230 εἰλήφθω
1227 1151 1333 1223 (--
1366 1148 1550 1212 iuxta
1596 1146 1882 1232 hypaten
1928 1149 2215 1225 sumitor)
2261 1146 2335 1212 τὸ
2386 1146 2603 1229 ἐλάχι-

276 1268 443 1312 στον
474 1243 745 1326 πυκνὸν,
795 1297 810 1311 .
844 1296 860 1311 .
897 1297 911 1312 .
944 1251 1172 1331 τρίτον
1217 1245 1532 1334 εἰλήφθω
1579 1247 1829 1315 πυκνὸν
1875 1246 2048 1336 πρὸς
2077 1252 2174 1334 τῷ
2208 1242 2388 1335 αὐτῷ
2437 1252 2600 1330 (scil.

273 1346 611 1435 φθόγγῳ),
662 1398 678 1413 .
713 1399 728 1412 .
763 1399 778 1413 .
813 1399 828 1414 .
859 1345 942 1413 τὰ
978 1351 1218 1434 πρῶτα
1264 1349 1616 1436 ληφθέντα
1663 1348 1900 1431 πυκνὰ,
1950 1402 1965 1416 .
2000 1403 2013 1416 .
2050 1402 2064 1416 .
2101 1402 2115 1416 .
2161 1350 2236 1417 τὸ
2286 1355 2600 1434 πέμπτον

273 1458 344 1518 et
390 1448 578 1516 ἕκτον
623 1451 889 1538 ληφθὲν
936 1450 1284 1539 σύστημα),
1332 1474 1449 1520 sex
1494 1455 1611 1520 illa
1655 1475 1869 1538 pycna
1914 1462 1978 1521 et
2020 1475 2276 1539 apycna
2320 1456 2486 1521 inter
2530 1474 2599 1521 se

271 1575 408 1620 non
466 1560 692 1620 natura
752 1575 894 1621 sese
947 1557 1250 1641 excipere
1297 1558 1468 1635 vult,
1527 1555 1645 1623 sed
1690 1558 1828 1622 sive
1875 1563 2114 1623 statuta
2158 1559 2300 1623 sive
2345 1564 2601 1640 sumpta

274 1659 422 1723 sive
469 1657 678 1723 electa
711 1677 852 1724 esse
883 1658 987 1733 (cf.
1018 1655 1347 1742 ἐξαίρετοι
1379 1656 1742 1741 διαιρέσεις
1769 1680 1832 1743 p.
1860 1663 1960 1738 74,
1995 1663 2091 1730 19)
2124 1679 2206 1725 ex
2237 1661 2597 1726 innumera-

273 1759 519 1824 bilibus
577 1761 805 1843 pycnis
851 1767 914 1826 et
958 1763 1230 1844 apycnis
1277 1768 1456 1826 certa
1515 1760 1600 1826 de
1646 1781 1872 1845 causa3
1932 1760 2088 1844 quid
2144 1767 2358 1827 autem
2418 1762 2597 1827 aliud

277 1881 518 1927 causae
565 1881 708 1928 esse
755 1864 982 1946 potuit,
1032 1882 1220 1946 quam
1271 1863 1445 1945 quod
1493 1883 1572 1929 ea
1619 1865 1834 1929 omnia
1879 1870 2025 1929 sunt
2067 1864 2457 1930 rationalia?

448 1965 741 2049 Apparet
805 1966 1033 2048 igitur,
1102 1965 1372 2048 πρῶτον
1433 1963 1699 2050 ληφθὲν
1759 1962 2007 2030 πυκνὸν
2065 1967 2148 2032 ab
2207 1966 2597 2033 Aristoxeno

271 2065 520 2131 dictum
552 2086 696 2133 esse
739 2087 1020 2151 pycnum
1069 2066 1555 2134 enharmonium
1600 2069 1933 2151 rationale,
1983 2064 2288 2151 δεύτερον
2334 2068 2599 2154 ληφθὲν

268 2163 528 2232 πυκνὸν
587 2168 931 2236 chromatis
989 2171 1235 2253 mollis,
1296 2172 1552 2236 tertium
1615 2170 1907 2236 hemiolii
1964 2191 2019 2236 e.
2085 2192 2144 2254 q.
2198 2191 2248 2237 s.
2350 2172 2595 2237 Eodem

269 2270 471 2336 modo
517 2270 762 2355 dieses,
821 2291 987 2354 quae
1033 2278 1392 2339 statuuntur
1439 2270 1980 2355 (λαμβάνονται),
2040 2293 2186 2339 eum
2231 2293 2597 2340 numerasse

267 2394 396 2457 per
426 2392 497 2439 se
540 2374 761 2457 liquet.
852 2372 1035 2453 Quae
1067 2395 1211 2440 cum
1259 2376 1352 2440 ita
1396 2376 1543 2458 sint,
1592 2396 1707 2442 eae
1754 2377 2234 2442 intervallorum
2279 2375 2597 2459 significa-

269 2478 522 2557 tiones,
591 2477 823 2561 quibus
889 2478 1235 2545 intervalla
1294 2478 1461 2544 diesi
1521 2477 1941 2546 enharmonia
1997 2479 2598 2545 commensurabilia

267 2580 574 2646 dicuntur
631 2581 931 2664 πρῶτον,
993 2578 1326 2664 δεύτερον,
1388 2585 1615 2663 τρίτον
1661 2589 1727 2648 et
1755 2601 1816 2664 q.
1849 2602 1896 2648 s.
1945 2578 2233 2664 μέγεθος
2278 2582 2467 2656 (Plut.
2514 2583 2596 2649 de

268 2702 442 2749 mus.
474 2704 526 2750 c.
561 2680 689 2765 38),
733 2683 904 2749 unde
952 2684 1169 2751 effecit
1197 2684 1641 2768 Westphalius
1672 2682 1842 2761 (Rh.³
1873 2704 1935 2767 p.
1966 2686 2112 2758 138)
2157 2683 2322 2750 diesi
2368 2683 2594 2750 enhar-

271 2786 498 2868 monia
540 2792 866 2869 tamquam
914 2787 1255 2854 intervallo
1299 2788 1510 2870 primo
1542 2806 1724 2853 usum
1758 2806 1900 2854 esse
1930 2787 2405 2868 Aristoxenum,
2451 2788 2593 2852 Ari·

266 2895 628 2954 stoxeneae
687 2908 1094 2971 nequaquam
1152 2908 1294 2955 esse
1360 2895 1645 2972 possunt.
1745 2889 1951 2954 Immo
2018 2889 2270 2973 positae
2326 2895 2473 2955 sunt
2529 2891 2595 2955 in

269 2990 527 3054 ratione
559 3008 800 3070 eorum,
847 3009 1008 3072 quos
1053 2990 1191 3056 illic
1232 2988 1650 3074 reprehendit
1677 2990 2121 3070 Aristoxenus,
2169 2988 2341 3071 quod
2385 2989 2592 3055 diesin

268 3090 761 3157 enharmoniam
821 3093 1079 3157 omnino
1135 3092 1384 3175 percipi
1441 3110 1635 3175 posse
1691 3099 2002 3173 negantes
2060 3096 2276 3156 tamen
2335 3111 2414 3156 ea
2457 3097 2592 3156 ute-

265 3199 494 3260 rentur
516 3195 1014 3260 ,intervallorum
1044 3213 1359 3261 mensura.
1451 3193 1701 3276 Eidem,
1748 3196 1857 3276 qui
1904 3193 2200 3260 dicuntur
2246 3185 2593 3276 ἁρμονικοὶ

268 3300 365 3380 (p.
390 3298 450 3377 2,
487 3298 564 3359 16
586 3295 761 3378 qu.
796 3304 861 3361 et
889 3296 1098 3379 alias),
1130 3297 1573 3381 vituperantur
1596 3297 1759 3362 alias
1785 3314 2039 3378 quoque
2068 3295 2151 3359 ab
2185 3294 2590 3379 Aristoxeno,

269 3398 452 3482 quod
509 3400 1065 3464 consonantiarum
1122 3400 1466 3464 intervalla
1523 3399 1591 3463 in
1649 3405 1865 3481 partes
1924 3397 2089 3463 diesi
2135 3396 2590 3465 enharmoniae

266 3520 517 3584 aequas
576 3499 875 3566 dividunt
930 3504 1015 3584 (p.
1052 3504 1154 3585 76,
1198 3503 1304 3579 21)
1362 3507 1427 3567 et
1487 3496 2074 3564 καταπυκνώσεσιν
2133 3501 2195 3576 (i.
2243 3521 2298 3567 e.
2360 3500 2590 3567 eodem

268 3603 617 3670 intervallo
652 3604 1039 3687 continuam,
1073 3605 1210 3671 scil.
1241 3606 1742 3688 τεταρτημορίῳ
1771 3603 1891 3666 τοῦ
1919 3599 2136 3682 τόνου,
2168 3604 2262 3668 ita
2290 3610 2359 3669 ut
2387 3611 2589 3687 syste-

267 3713 590 3773 matorum
622 3706 834 3789 spatia
863 3706 1118 3772 solvant
1148 3707 1213 3772 in
1257 3727 1475 3791 pycna
1505 3706 1949 3782 enharmonia)
1995 3697 2404 3771 ἀποδιδόναι
2435 3728 2589 3772 πει-

267 3810 525 3891 ριῦνται
557 3803 631 3871 τὸ
662 3805 922 3887 συνεχὲς
954 3813 1039 3892 (p.
1077 3812 1176 3893 38,
1203 3811 1309 3887 25)
1336 3812 1411 3888 ¹);
1460 3808 1805 3875 eorundem
1838 3814 2054 3874 autem
2098 3809 2412 3875 rationem
2459 3809 2589 3874 iam

447 3963 497 4026 1)
535 3957 621 4012 Ad
667 3957 1136 4026 harmonicorum,
1183 3959 1275 4027 qui
1320 3958 1603 4023 dicuntur,
1652 3955 2093 4016 καταπύκνωσιν
2138 3958 2591 4026 („chromatische

262 4046 548 4101 Touleiter
572 4044 630 4097 in
652 4042 1082 4110 Vierteltoneffl)
1107 4052 1415 4100 nostrorum
1439 4044 1769 4100 musicorum
1791 4045 2086 4099 modulatio
2113 4044 2407 4113 aequabilis
2433 4049 2588 4110 (tem-

260 4131 505 4202 perierte
542 4128 859 4196 Stimmung)
901 4128 1071 4184 multo
1108 4131 1333 4198 propius
1370 4128 1584 4183 accedit
1621 4144 1782 4197 quam
1818 4129 1888 4182 ad
1924 4129 2225 4185 doctrinam
2260 4132 2392 4201 περὶ
2428 4146 2584 4183 συνε-

2179 4215 2277 4266 14*
