3177 4960
994 317 1079 372 De
1112 316 1535 373 irrationalitate
1569 317 1750 372 studia
1784 317 2103 387 rhythmica.
2584 318 2708 377 349

386 491 607 574 risque
636 490 857 557 metris
886 490 1049 556 arsis
1081 491 1471 558 irrationalis
1507 497 1956 574 compensetur
1986 490 2153 558 thesi
2187 497 2517 575 sequente,
2567 511 2709 558 cum

388 600 606 660 autem
663 592 749 659 ad
792 594 982 659 tertia
1038 599 1242 659 metra
1297 599 1558 659 ventum
1618 599 1744 671 est,
1804 592 1946 677 ipso
2004 591 2259 676 periodi
2314 592 2441 658 fine
2502 591 2706 660 thesis

386 700 681 761 extrema
736 694 849 760 fiat
899 694 1264 777 rationalis,
1310 714 1428 779 pes
1484 703 1703 760 autem
1759 692 2048 761 claudus.
2136 692 2279 772 Quo
2323 694 2395 759 fit
2437 701 2509 761 ut
2551 695 2707 761 bina

386 802 623 877 metra,
690 815 858 879 quae
925 802 1209 863 ceterum
1274 795 1360 862 ad
1427 796 1747 863 telesillea
1812 797 2018 879 magis
2088 815 2281 879 quam
2345 795 2429 862 ad
2498 794 2705 863 chori-

385 899 647 965 ambica
703 900 1124 965 anaclomena
1180 900 1492 966 inclinare
1549 897 1884 981 videntur,
1955 905 2260 982 sequatur
2325 898 2706 984 hypercata—

391 1002 645 1067 lectum.

562 1101 813 1169 Eodem
869 1108 1081 1168 autem
1143 1101 1338 1169 modo
1386 1099 1751 1170 claudicant
1806 1102 2127 1170 interdum
2172 1109 2378 1169 metra
2421 1102 2706 1186 dactylo-

389 1205 655 1288 epitrita
699 1211 764 1271 et
793 1224 947 1272 vere
990 1204 1393 1288 logaoedica,
1441 1225 1585 1270 cum
1629 1205 1793 1272 arsis
1838 1205 2294 1273 irrationalitas
2338 1224 2466 1271 non
2510 1206 2708 1271 aliam

391 1312 613 1372 teneat
663 1306 885 1374 sedem
931 1326 1123 1390 quam
1168 1307 1235 1371 in
1297 1307 1786 1373 irrationalitate
1846 1307 2109 1392 duplici.
2198 1305 2388 1385 Quod
2432 1308 2600 1373 inest
2643 1308 2709 1372 in

389 1409 486 1474 cis
532 1414 598 1474 et
640 1414 789 1492 post
832 1408 1141 1491 membra,
1187 1426 1354 1491 quae
1400 1426 1438 1473 e
1483 1407 1763 1493 dactylis
1807 1415 2099 1476 constare
2144 1409 2444 1475 videntur
2471 1408 2706 1486 (Simo-

390 1508 523 1575 nid.
555 1510 676 1593 frg.
712 1513 814 1593 57,
848 1516 921 1593 43
969 1508 1347 1592 Bacchylid.
1381 1512 1441 1592 2,
1475 1512 1548 1594 23
1595 1512 1698 1593 29,
1733 1512 1806 1594 33
1852 1511 1999 1577 Eur.
2032 1510 2268 1578 Troad.
2314 1512 2439 1576 258
2465 1527 2538 1563 Ν
2562 1513 2707 1576 267.

393 1612 489 1676 El.
540 1615 760 1676 701m
786 1615 943 1695 715;
1000 1611 1248 1677 numeri
1308 1611 1693 1678 continuitas
1753 1611 2101 1679 clauditate
2159 1633 2287 1678 non
2331 1613 2710 1698 interrumpi

395 1712 675 1780 videtur:
724 1711 908 1779 Pind.
941 1712 1043 1779 Ol.
1076 1713 1166 1779 VI
1195 1733 1257 1779 V.
1291 1717 1373 1776 54
1404 1714 1802 1797 (ceteroquin
1832 1715 2072 1791 brevis)
2103 1721 2169 1781 et
2197 1714 2313 1797 Py.
2346 1714 2377 1779 I
2408 1719 2515 1781 str.
2549 1717 2615 1793 2)
2642 1720 2712 1781 ct

393 1821 541 1897 post
585 1816 876 1882 membra
905 1834 989 1881 ex
1021 1815 1297 1899 epitritis
1334 1817 1722 1899 composita:
1770 1814 2118 1883 Stesichor.
2149 1816 2269 1900 frg.
2304 1820 2406 1899 32,
2440 1819 2478 1878 2
2510 1818 2706 1890 (clau-

390 1916 614 1984 ditatis
672 1918 1044 2002 exemplum
1103 1919 1610 1984 vetustissimum
1629 1916 1718 2000 ‘?),
1782 1917 2094 1985 Simonid.
2126 1923 2188 2000 4,
2235 1923 2294 1983 4.
2328 1918 2723 2002 Bacchylid..

398 2022 497 2101 13,
535 2022 587 2084 1.
622 2018 1043 2104 Melanippid.
1078 2022 1138 2101 6,
1171 2022 1209 2083 2
1240 2020 1342 2102 (⁴2),
1378 2019 1559 2085 Pind.
1591 2019 1708 2102 Py.
1740 2018 1838 2083 IX
1869 2025 1978 2086 str.
2012 2023 2083 2104 23
2131 2023 2196 2086 in
2227 2022 2520 2089 versibus
2552 2042 2706 2089 vere

391 2120 819 2203 logaoedicis:
866 2122 1003 2188 Ion.
1043 2123 1239 2187 148οε
1283 2117 1401 2185 τὸν
1448 2118 1779 2206 ἓλαιοφυᾶ
1808 2118 2026 2205 πάγον
2061 2120 2332 2203 θάσσει,
2376 2144 2486 2191 w.
2525 2126 2704 2189 1482.

398 2223 582 2287 1486.
622 2224 804 2287 1494.
838 2223 983 2291 Hel.
1018 2227 1161 2289 657.
1195 2225 1318 2290 680
1343 2243 1440 2307 sq.
1472 2224 1612 2292 Alc.
1648 2225 1771 2289 586
1801 2224 1904 2302 (P).

564 2325 745 2391 Haec
790 2325 989 2393 habui
1033 2326 1117 2392 de
1162 2326 1652 2392 irrationalitate
1683 2344 1850 2408 quae
1882 2324 2181 2392 dicerem.
2257 2324 2440 2404 Quae
2486 2334 2701 2394 autem

388 2428 827 2513 exposuimus,
874 2448 955 2495 ca
997 2428 1181 2495 brevi
1225 2429 1725 2513 complectamur
1767 2428 2132 2495 summario.

497 4168 721 4223 Leipziger
747 4167 946 4212 Studien.
996 4169 1122 4213 XIV.
2324 4161 2387 4210 23
