3177 4960
654 334 777 394 292

1610 333 1767 403 Hugo
1804 332 1993 389 Jusatz

820 507 1013 575 Adde
1057 507 1335 590 denique
1390 512 1662 572 metrum
1707 507 1824 592 Py.
1871 507 2025 572 VIII
2069 526 2171 591 ep.
2205 509 2263 588 6,
2310 508 2377 572 in
2431 527 2559 591 quo
2606 513 2737 575 tres
2777 507 2935 574 dein-

654 631 807 694 ceps
852 609 1054 697 pedes
1101 610 1502 675 irrationales
1548 627 1690 676 esse
1727 608 2044 691 videntur,
2089 609 2215 675 nisi
2261 609 2328 674 in
2356 610 2558 677 altero
2602 609 2818 717 pede
2801 630 2937 676 ram·

655 715 806 780 bum
858 712 1155 780 restituas
1200 714 1284 787 (v.
1317 713 1428 775 20:
1473 732 1665 796 ποια,
1711 732 1773 778 v.
1799 713 1880 775 40
1912 735 1973 774 vo
1953 693 2101 785 ἐξοὓς
2125 711 2208 777 cf.
2240 711 2425 777 Nem.
2458 710 2546 778 VI
2579 714 2693 778 253
2740 692 2935 792 υῖέων,

650 834 712 882 v.
744 816 857 880 803
904 817 1153 880 νίκαισι
1195 811 1434 898 τρισὶν)

970 935 1033 982 v.
1066 918 1175 982 203
1221 910 1367 980 υἱὸν
1405 914 1416 995 Ι
1455 918 1629 1001 ποίᾳ
1672 912 2058 998 Παρνασίδι
2099 917 2359 999 Δωριεῖ
2395 937 2469 978 τε
2510 912 2738 1000 κώμῳ.

972 1038 1033 1085 v.
1068 1021 1179 1083 40·
1230 1013 1488 1104 Θήβαις
1526 1015 1537 1100 Ι
1576 1012 1762 1092 υἱοὺς
1809 1014 2110 1094 αἰνίξατο
2141 1019 2603 1102 παρμένοντας
2649 1014 2865 1105 αἰχμᾷ.

975 1122 1184 1188 8..0
1232 1123 1444 1196 νίκαις
1474 1119 1831 1206 Ιτρισσαῑς,
1857 1143 1909 1183 ω
1928 1110 2360 1204 ’ριστόμενες,
2395 1117 2805 1202 δάμασσας”
2772 1144 2936 1206 εργω.

825 1240 898 1280 Ν
933 1244 992 1291 v.
975 1141 1182 1289 v100:
1230 1221 1448 1308 Πηλεῖ
1488 1244 1561 1286 τε
1593 1219 1616 1305 ΙΙ
1648 1213 1931 1306 κάγαθῷ
1983 1221 2333 1304 Τελαμῶνι
2377 1219 2496 1287 σύν
2540 1214 2607 1286 τ’
2652 1214 2937 1304 Ἀχιλλεῖ.

828 1326 987 1394 Cum
1020 1327 1114 1393 eis
1149 1326 1369 1392 metris
1416 1323 1760 1392 cohaerent
1790 1344 1869 1391 ea
1897 1325 2162 1391 Pindari
2206 1331 2409 1392 metra
2452 1325 2939 1410 pseudologaoe-

656 1430 825 1513 dica,
871 1430 937 1494 in
981 1428 1215 1512 quibus
1261 1426 1632 1495 choriambo
1691 1428 1837 1510 plus
1891 1447 2015 1494 uno
2061 1426 2366 1495 trochaeo
2410 1428 2763 1512 antecedit,
2816 1430 2937 1514 gly-

658 1551 861 1600 conea
904 1537 971 1598 et
1014 1530 1332 1597 telesillea
1378 1531 1583 1612 tertia,
1631 1549 1795 1613 quae
1842 1531 2037 1613 vulgo
2084 1529 2398 1614 dicuntur,
2444 1531 2584 1597 sive
2624 1529 2937 1616 polysche·

657 1635 935 1701 matista.
1023 1633 1249 1716 Neque
1281 1652 1435 1699 vero
1478 1633 1545 1698 in
1574 1633 1669 1699 eis
1700 1633 1887 1699 aliter
1917 1651 1987 1699 se
2018 1631 2214 1699 habet
2256 1631 2443 1715 pedis
2473 1634 2736 1701 alterius
2765 1635 2939 1717 ratio;

655 1757 804 1803 nam
850 1736 1106 1821 syllaba
1150 1733 1541 1817 choriambo,
1588 1735 1700 1818 qui
1731 1734 2007 1815 videtur,
2050 1733 2438 1801 antecedens
2482 1742 2593 1801 aut
2631 1736 2819 1819 longa
2857 1740 2940 1802 est

655 1842 767 1923 ita,
814 1840 868 1905 si
902 1857 1152 1905 conexa
1194 1843 1293 1904 est
1336 1857 1481 1904 cum
1526 1838 1737 1921 prima
1780 1836 2137 1904 choriambi
2181 1837 2380 1921 longa
2423 1839 2562 1904 sive
2605 1858 2733 1905 uno
2763 1839 2938 1905 verbo

656 1944 796 2008 sive
841 1961 970 2006 una
1012 1939 1353 2007 verborum
1402 1940 1840 2025 copulatione,
1899 1944 2010 2005 aut
2056 1938 2373 2006 disiuncta
2428 1960 2470 2006 a
2513 1948 2817 2025 sequente
2856 1946 2940 2008 est

657 2042 892 2108 breviS.
982 2039 1303 2123 Exempla
1345 2045 1560 2105 autem
1604 2059 1896 2123 promam
1944 2059 2027 2105 ex
2071 2040 2165 2106 eis
2211 2045 2457 2106 tantum
2501 2041 2681 2124 locis,
2728 2043 2790 2107 in
2820 2043 2937 2125 qui-

655 2145 774 2210 bus
832 2143 1028 2226 longa
1086 2147 1149 2208 et
1203 2141 1421 2208 brevis
1478 2141 1645 2207 inter
1699 2161 1770 2208 se
1827 2142 2248 2227 respondent3
2305 2142 2416 2209 ubi
2473 2149 2689 2210 autem
2745 2145 2939 2211 brevis

656 2245 894 2330 ubique
953 2244 1275 2311 invenitur
1344 2242 1468 2322 (01.
1502 2242 1663 2309 XIII
1708 2251 1816 2309 str.
1853 2247 1910 2309 6.
1960 2245 2074 2331 Py.
2106 2245 2169 2311 II
2215 2265 2316 2330 ep.
2352 2250 2408 2311 7.
2458 2246 2545 2311 VI
2575 2254 2683 2313 str.
2717 2251 2772 2312 2.
2806 2251 2860 2312 4.
2888 2247 2936 2311 8.

658 2349 810 2414 VIII
855 2353 964 2415 etr.
1000 2351 1057 2413 3.
1092 2349 1150 2411 6.
1197 2366 1297 2429 ep.
1333 2348 1391 2410 2.
1438 2345 1502 2410 X
1549 2364 1650 2430 ep.
1688 2350 1746 2409 4.
1795 2350 1853 2410 5.
1899 2345 1996 2410 XI
2040 2353 2149 2414 str.
2184 2351 2241 2413 2.
2287 2347 2474 2415 Nem.
2519 2348 2607 2413 IV
2656 2354 2760 2414 etr.
2794 2353 2848 2415 3.
2891 2353 2941 2413 5.

656 2452 762 2521 Ist.
799 2450 919 2519 VII
958 2456 1011 2517 1.
1044 2452 1103 2515 2.
1138 2452 1194 2515 3.
1231 2452 1313 2531 5),
1361 2467 1439 2514 ea
1483 2448 1792 2515 omittam.

914 2553 1014 2622 Ol.
1042 2553 1138 2618 IX
1162 2558 1270 2619 str.
1300 2554 1358 2626 6,
1393 2572 1453 2615 v,
1491 2553 1560 2615 6:

1605 2553 1746 2616 Δία
1776 2573 1849 2615 τε
1880 2548 2488 2637 φοινικοστερόπαν
2519 2560 2583 2621 et
2606 2576 2711 2622 VV.
2733 2558 2828 2621 62.
2854 2559 2939 2621 72.

1231 2666 1304 2704 Ν
1350 2674 1410 2718 v.
1449 2656 1553 2718 16:
1599 2645 2390 2738 μεγαλόδοξοςΙΕὗνομία
2413 2662 2477 2722 et
2498 2677 2604 2725 vv.
2626 2661 2723 2725 34.
2739 2662 2834 2724 44.
2851 2661 2940 2725 90.

827 2756 926 2825 Ol.
954 2756 1047 2823 IX
1077 2763 1184 2822 str.
1217 2760 1313 2838 10,
1346 2776 1407 2821 V.
1441 2757 1554 2821 66:

1233 2866 1307 2903 Ν
1350 2878 1410 2922 v.
1455 2862 1557 2924 10:

959 3063 1076 3146 Py.
1126 3061 1212 3128 VI
1244 3065 1302 3146 5,
1349 3081 1409 3127 v.
1445 3064 1556 3126 503

1275 3178 1347 3217 ‘v
1394 3184 1455 3228 v.
1491 3168 1559 3228 53

845 3371 962 3456 Py.
996 3346 1117 3436 VII
1148 3376 1258 3438 str.
1292 3372 1351 3453 2,
1398 3390 1458 3437 v.
1493 3370 1561 3434 23

1231 3480 1304 3518 Ν
1351 3492 1410 3536 v.
1453 3475 1555 3536 103

897 3573 1011 3657 Py.
1045 3571 1109 3637 X
1140 3580 1248 3638 str.
1281 3575 1341 3651 2,
1389 3594 1448 3638 v.
1484 3575 1552 3638 83

1273 3686 1346 3724 Ν
1393 3695 1453 3740 v.
1489 3677 1559 3740 23

824 3876 1316 3959 Nem.IVstr.1,
1350 3898 1410 3944 v.
1443 3881 1550 3943 16:

1273 3990 1346 4029 Ν
1390 4000 1448 4046 v.
1488 3986 1551 4046 13

1603 2747 1874 2819 ὤπασεν
1915 2752 1924 2837 Ι
1964 2752 2127 2821 λαόν
2170 2779 2244 2821 τε
2275 2756 2541 2823 διαιτᾶν
2587 2765 2740 2827 etv.
2772 2764 2866 2825 94.

1604 2854 1960 2922 κάλλιστον
2035 2855 2222 2924 ἕδνον
2265 2857 2290 2943 ΙΙ
2329 2853 2827 2944 Ἱπποδαμείας
2886 2866 2965 2927 et·

1604 2980 1708 3026 VV.
1736 2964 1836 3025 20.
1873 2964 1973 3027 48.
2005 2965 2145 3026 104.

1604 3052 1805 3147 ὀργᾷς
1849 3058 1925 3138 ’ὃς
1972 3061 2258 3128 ἱππειᾶν
2305 3059 2557 3129 ἐσόδων

1607 3153 1938 3247 ὀλβίοισιν
1992 3163 2012 3250 ΙΙ
2058 3156 2488 3248 Ἐμμενίδαις
2555 3173 2619 3234 et
2686 3188 2783 3235 vv.
2852 3169 2936 3230 14.

1603 3269 1705 3331 23.
1753 3268 1852 3331 32.

1599 3359 2050 3451 Ἀλκμανιδᾶν
2089 3368 2098 3452 Ι
2140 3359 2530 3449 εὐρυσθενεῖ
2569 3372 2758 3456 γενεᾷ

1607 3460 1847 3552 ἆστῶν,
1878 3462 2245 3550 ’Ἀπολλον,
2281 3469 2306 3555 ΙΙ
2338 3473 2406 3536 οἳ
2447 3470 2598 3538 τεόν
2640 3497 2713 3558 γε
2753 3469 2941 3553 δόμον

1601 3572 1867 3656 στρατῷ
1890 3569 1901 3649 l
1925 3562 1988 3635 rc'
2021 3563 2492 3658 ἀμφικτυόνων
2514 3567 2549 3638 0‘
2577 3571 2944 3660 Παρνάσιος

1604 3665 1901 3759 μάκαιρα
1923 3670 1942 3756 ΙΙ
1969 3675 2311 3739 Θεσσαλία
2329 3692 2343 3707 ·
2368 3673 2627 3760 πατρός
2651 3685 2712 3744 et
2734 3696 2831 3743 vv.
2850 3679 2942 3740 20.

1601 3779 1702 3842 26.
1736 3779 1837 3841 56.
1872 3778 1974 3841 62.

1599 3878 1986 3944 Κλεωναίου
2001 3871 2052 3941 τ’
2076 3870 2189 3943 ἀπ’
2215 3871 2469 3964 ἀγῶνος
2482 3869 2687 3964 ὅρμον
2705 3886 2834 3946 etv.
2850 3880 2943 3943 49.

1602 3972 1874 4060 ἄριστος
1907 3978 1929 4064 ΙΙ
1964 3972 2340 4068 εὐφροσύνα
2372 3982 2601 4047 πονῶν
2632 3989 2695 4049 et
2720 4001 2817 4048 VV.
2849 3984 2943 4046 33.

1600 4086 1700 4147 57.
1741 4084 1842 4148 65.
