3177 4960
905 274 989 330 De
1024 273 1437 329 irrationalitate
1472 273 1656 329 studia
1688 274 2007 344 rhythmica.
2485 277 2609 337 339

290 444 543 524 λέξεως
611 454 863 531 tempus
923 448 1198 531 tempori
1264 448 1512 514 numeri
1568 447 1842 531 legitimi
1908 466 2033 513 non
2091 450 2425 532 convenit,
2493 451 2609 517 sed

287 549 634 636 rhythmus
693 551 834 634 ipse
893 549 1148 633 syllaba¹
1202 549 1397 632 longa
1455 551 1817 617 intumescit
1872 569 2081 633 neque
2141 552 2403 618 alterius
2449 557 2607 620 tem-

288 654 468 738 poris
527 653 929 735 correptione
987 658 1294 736 purgatur
1353 672 1431 720 ac
1490 651 1787 719 reficitur.
1878 650 2067 730 Quod
2110 659 2434 720 certamen
2477 656 2606 738 syl-

291 756 484 822 labae
542 753 913 837 rhythmum
980 753 1384 821 extendentis
1444 773 1587 821 cum
1643 752 1945 837 rhythmo
2012 756 2190 822 lexin
2256 757 2605 840 reprimere

287 858 527 924 frustra
581 856 916 923 laborante
977 856 1340 939 quicunque
1400 857 1551 922 laxa
1610 863 1966 940 temporum
2022 856 2442 940 productione
2486 858 2603 925 tol·

285 961 421 1027 lere
482 958 725 1041 studet,
785 959 923 1025 eius
980 977 1168 1025 aures
1226 956 1492 1025 hebetes
1548 958 1758 1025 factae
1814 964 1960 1025 sunt
2014 966 2230 1025 nostro
2289 980 2603 1043 sermone,

288 1063 399 1144 qui
446 1062 692 1128 litteras
724 1080 852 1127 non
896 1068 1026 1127 tam
1054 1062 1466 1144 pronuntiare
1497 1079 1689 1143 quam
1722 1079 2043 1144 evomere,
2073 1061 2360 1146 syllabas
2390 1070 2603 1129 autem

285 1164 476 1229 nimis
507 1163 833 1247 corripere
865 1170 930 1229 et
973 1163 1159 1246 quasi
1205 1162 1519 1229 devorare
1551 1163 1902 1229 consuevit.
1952 1161 2198 1241 Quotus
2229 1164 2398 1230 enim
2431 1165 2603 1248 quis·

286 1284 412 1348 que
447 1271 545 1332 est
573 1270 878 1342 nostrum,
926 1266 1107 1333 cuius
1151 1284 1339 1332 aures
1383 1265 1746 1348 arrigantur
1790 1265 2168 1350 animusque
2213 1268 2603 1349 percutiatur

285 1369 581 1435 versibus
626 1366 1102 1435 Schillerianis:

682 1470 873 1546 „Und
921 1469 1214 1554 huldiget
1257 1469 1373 1536 der
1416 1468 1787 1536 furchtbarn
1834 1469 2115 1537 Macht.“

683 1571 872 1653 „Und
916 1572 1056 1639 rufe
1100 1571 1301 1638 selbst
1344 1570 1462 1638 das
1507 1570 1811 1653 Ungllick
1857 1568 2032 1638 her.“

677 1674 964 1751 „Sobald
1008 1674 1127 1741 das
1170 1672 1491 1741 Madchen
1537 1671 1868 1740 Abschied
1914 1672 2175 1740 nahm.“

281 1777 389 1844 vel
437 1777 998 1862 Klopstockianis:

441 1881 608 1956 „Die
653 1880 771 1947 das
817 1880 1001 1963 Ross,
1046 1878 1250 1962 mutig
1294 1879 1382 1944 im
1429 1878 1614 1961 Lauf,
1659 1878 1931 1946 niemals
1976 1879 2146 1961 gab“

2036 1980 2314 2055 (Eislauf
2364 2001 2425 2048 v.
2477 1982 2601 2067 11).

436 2084 662 2160 „Doch
709 2104 899 2151 wenn
944 2082 1116 2166 dich,
1162 2083 1493 2168 Jungling,
1538 2082 1781 2150 andere
1825 2082 2009 2166 Sorg'
2056 2081 2448 2151 entflammt“

720 2243 724 2247 .
1947 2183 2353 2262 (Rheinwein
2377 2206 2436 2252 v.
2471 2189 2597 2264 45).

456 2286 615 2367 Quis
659 2308 816 2355 vero
863 2288 1003 2370 erit,
1050 2288 1203 2371 quin
1250 2288 1571 2369 vituperet
1609 2285 2020 2370 Klopstockii
2069 2286 2358 2353 eiusdem
2404 2287 2596 2354 illud:

436 2390 666 2467 „Sieht
709 2411 799 2474 er,
845 2410 974 2457 von
1017 2388 1418 2456 richtendem
1463 2388 1656 2454 Ernst
1698 2386 2080 2471 schauernd,
2127 2387 2235 2454 die

960 2491 1391 2560 Leichname“
1439 2489 1774 2573 (Lehrling
1819 2489 1935 2557 der
1980 2489 2301 2557 Griechen
2345 2512 2406 2558 v.
2446 2492 2597 2567 19)‘?

275 2596 364 2662 At
419 2595 488 2661 id
545 2595 704 2661 mihi
763 2596 1026 2679 quidem
1084 2594 1396 2678 optimum
1457 2612 1493 2659 e
1549 2593 1779 2660 litteris
1838 2593 2071 2660 nostris
2132 2595 2318 2660 metri
2376 2594 2594 2661 claudi

275 2697 536 2765 videtur
579 2698 926 2781 specimen.
1018 2697 1402 2763 Persuasum
1448 2703 1664 2762 autem
1711 2694 1921 2762 habeo
1966 2695 2226 2781 plebem
2271 2716 2593 2780 graecam,

277 2821 423 2868 cum
489 2800 736 2867 litteras
805 2799 1107 2866 distincte
1173 2804 1237 2866 et
1300 2799 1640 2866 articulate
1708 2799 2180 2881 pronuntiaret,
2256 2798 2594 2883 rhythmos

273 2903 475 2970 multo
535 2902 831 2970 subtilius
888 2901 1218 2968 audivisse
1278 2907 1341 2967 et
1400 2901 1818 2968 mutationem
1875 2901 2124 2967 numeri
2192 2902 2593 2984 quantulam·

275 3023 531 3088 cunque
575 3005 836 3071 auribus
867 3004 1255 3089 percepisse,
1303 3004 1682 3086 praesertim
1714 3004 1768 3070 si
1800 3022 1877 3070 eo
1909 3003 2072 3086 loco,
2118 3003 2227 3068 ubi
2260 3023 2592 3071 numerum

274 3127 508 3193 purum
540 3127 619 3172 ac
650 3105 968 3172 sincerum
1014 3105 1240 3171 audire
1287 3110 1728 3188 consueverat,
1775 3123 1968 3172 sonus
2014 3104 2387 3185 illegitimus
2433 3106 2591 3172 obii-

314 3210 329 3224 ·
463 3213 583 3273 tur.

273 3209 680 3376 mebaMirum
724 3316 940 3376 autem
987 3316 1114 3393 est,
1174 3308 1347 3392 quod
1394 3310 1458 3374 in
1505 3309 1792 3374 trimetro
1840 3312 1906 3372 et
1948 3311 2315 3372 tetrametro
2361 3307 2592 3376 claudo

273 3413 741 3497 paenultimam
786 3413 1225 3479 irrationalem
1259 3430 1401 3478 esse
1432 3430 1560 3477 non
1604 3407 1965 3477 concedunt
2010 3408 2133 3473 viri
2179 3407 2352 3474 docti
2399 3410 2589 3494 pleri-

273 3535 434 3600 que,
496 3535 640 3581 cum
702 3516 766 3579 in
812 3514 959 3581 aliis
1016 3515 1234 3581 metris
1294 3513 1611 3580 similibus
1669 3511 1797 3577 iam
1855 3510 2099 3577 dudum
2157 3511 2593 3580 intellexerint

272 3618 857 3700 concesserintque.
935 3617 1101 3683 Nam
1135 3617 1299 3682 inter
1330 3622 1536 3681 metra
1564 3613 1799 3681 clauda
1828 3612 2169 3680 referenda
2198 3619 2362 3697 sunt,
2395 3634 2588 3697 quae·

273 3737 529 3803 cunque
588 3720 653 3784 in
699 3719 828 3786 arsi
874 3719 1101 3785 ultima
1143 3724 1294 3785 ante
1354 3717 1565 3785 thesin
1612 3721 1965 3783 extremam
2024 3716 2236 3800 posita
2282 3715 2590 3784 exhibent

272 3842 388 3906 pro
439 3821 696 3903 syllaba
753 3820 1042 3904 legitime
1086 3821 1269 3887 brevi
1314 3820 1595 3903 longam.
1685 3815 1872 3896 Quod
1918 3837 2114 3901 saepe
2161 3817 2480 3884 invenitur
2523 3820 2589 3885 in

273 3925 496 3991 metris
522 3922 940 4006 dochmiacis,
966 3924 1239 4008 creticis,
1265 3924 1598 3990 telesilleis
1623 3922 2105 4006 glyconeisque,
2136 3919 2586 4005 asclepiadeus,

271 4028 478 4093 rarius
526 4026 589 4091 in
635 4026 801 4093 aliis.
