3177 4960
879 344 961 399 De
994 343 1411 399 irrationalitate
1446 343 1625 399 studia
1661 345 1979 414 rhythmica.
2458 347 2576 405 217

246 524 459 604 patet.
521 518 691 583 Nam
723 519 780 585 si
811 518 1027 584 omnia
1055 518 1399 583 intervalla
1427 519 1770 585 rationalia
1799 520 2210 603 proportione
2243 518 2578 586 definiren-

249 627 385 706 tur,
417 640 585 703 quae
615 640 760 686 cum
791 626 962 702 tono,
994 639 1293 685 mensura
1322 621 1588 701 scilicet,
1632 619 2079 702 intercederet,
2111 622 2203 686 ita
2232 622 2578 705 simplicio-

253 745 403 789 rum
437 741 693 806 quoque
737 723 1221 806 proportionum
1264 724 1624 806 complures
1655 743 1697 788 a
1724 723 2144 790 rationalibus
2189 723 2579 791 tetrachordi

256 825 813 892 modulationibus
860 825 1194 906 exclusae,
1258 845 1478 890 earum
1530 832 1779 905 autem,
1837 845 2003 909 quae
2058 833 2321 910 propter
2362 847 2581 892 nume-

257 948 479 994 rorum
526 926 1002 1010 magnitudines
1048 934 1193 993 sunt
1223 926 1619 994 difficiliores
1652 936 1978 1011 perceptu,
2023 927 2344 1011 quaedam
2392 933 2454 1004 (3
2480 952 2495 993 :
2521 931 2580 1008 8,

261 1035 300 1094 7
331 1035 432 1114 24,
485 1035 555 1094 11
588 1029 691 1106 26)
738 1030 803 1094 in
835 1030 1183 1095 maioribus
1221 1029 1613 1096 tetrachordi
1657 1031 2016 1096 intervallis
2062 1029 2393 1097 adhibitae
2437 1051 2581 1098 esse

258 1132 594 1216 putandae
641 1137 805 1198 sunt.
894 1132 1093 1215 Atqui
1152 1137 1400 1199 constat
1442 1132 1897 1199 Aristoxenum
1945 1133 2190 1199 maiora
2232 1133 2347 1198 illa
2389 1134 2580 1199 inter-

260 1235 447 1300 valla
474 1254 602 1300 non
646 1232 734 1299 ad
767 1254 962 1299 unum
1007 1253 1339 1299 numerum
1385 1234 1737 1317 redegisse,
1783 1255 1930 1318 quc,
1977 1240 2133 1318 quot
2175 1240 2581 1319 quantaeque

261 1337 404 1403 toni
467 1343 684 1421 partes
729 1337 1045 1419 inessent,
1102 1336 1381 1419 diceret,
1427 1355 1651 1403 verum
1698 1356 1782 1402 ex
1825 1337 2178 1402 minoribus
2223 1338 2582 1404 intervallis

261 1439 737 1522 composuisse,
808 1430 910 1504 ex.
977 1459 1070 1521 gr.
1137 1439 1550 1505 intervallum
1618 1440 1783 1505 inter
1847 1437 2176 1505 lichanum
2234 1438 2580 1505 chromatis

259 1542 482 1607 mollis
539 1546 604 1606 et
657 1559 879 1607 mesen
933 1561 1060 1606 non
1121 1559 1204 1607 ex
1259 1540 1358 1619 ¹¹lo
1417 1542 1553 1606 toni
1598 1542 1924 1627 partibus,
1983 1540 2101 1607 sed
2146 1561 2228 1606 ex
2284 1542 2352 1620 ¹l2
2388 1550 2468 1617 ÷
2509 1542 2577 1622 ¹l2

259 1652 348 1720 ÷
384 1643 456 1723 112
491 1652 569 1717 -Ι-
610 1647 676 1722 113
728 1644 828 1717 (cf.
863 1645 941 1709 el.
974 1642 1175 1708 harm.
1205 1664 1267 1727 p.
1304 1645 1384 1707 38
1416 1643 1635 1726 qu.).
1726 1641 1907 1720 Quae
1937 1663 2080 1708 cum
2127 1645 2219 1708 ita
2247 1644 2392 1725 sint,
2437 1643 2579 1709 Ari-

259 1756 572 1814 stoxenus
630 1746 975 1812 intervalla
1039 1746 1385 1812 rationalia
1437 1765 1567 1811 non
1632 1745 1718 1811 ad
1788 1746 2197 1827 praestitutas
2265 1744 2578 1828 quasdam

259 1848 714 1931 proportiones
775 1848 1198 1914 conformavit
1240 1866 1452 1931 neque
1495 1848 1631 1913 alia
1673 1847 2045 1924 intervalla,
2104 1867 2270 1930 quae
2313 1867 2580 1932 propor-

261 1949 461 2016 tionis
507 1950 803 2034 expertia
846 1956 1092 2034 essent,
1137 1951 1204 2014 in
1250 1949 1478 2016 ordine
1521 1950 1990 2016 irrationalium
2034 1948 2278 2016 habuit.
2370 1951 2574 2017 Immo

262 2052 530 2119 auribus
560 2052 995 2120 subtilissimis
1043 2072 1122 2118 ea
1150 2072 1318 2135 quae
1362 2053 1429 2117 in
1457 2072 1577 2118 usu
1610 2059 1810 2134 erant,
1856 2053 2106 2119 censuit
2134 2073 2213 2118 ac
2243 2051 2326 2118 de
2359 2072 2579 2119 eorum

261 2156 701 2243 rationalitate
748 2154 1066 2240 decrevit,
1128 2175 1273 2221 cum
1331 2156 1398 2220 in
1443 2156 1908 2238 cognoscendis
1958 2161 2152 2239 atque
2197 2154 2580 2222 definiendis

263 2257 497 2342 spatiis
527 2256 971 2340 ingrederetur
1002 2278 1165 2340 eam,
1213 2277 1406 2340 quam
1437 2277 1634 2341 supra
1664 2261 1748 2341 (p.
1782 2258 1930 2336 208)
1977 2258 2436 2341 demonstravi,
2482 2278 2578 2322 ra-

264 2361 508 2426 tionem
540 2379 618 2425 ac
647 2360 844 2440 viam,
891 2365 961 2425 ut
1003 2380 1044 2425 a
1075 2361 1509 2426 consonantiis
1553 2361 1877 2442 profectus
1920 2360 2404 2426 intervallorum
2451 2360 2579 2424 iam

263 2470 716 2548 perceptorum
773 2468 967 2547 atque
1024 2462 1429 2529 definitorum
1487 2462 1702 2545 spatia
1755 2462 2099 2546 partiretur
2156 2462 2221 2526 in
2267 2461 2427 2527 duas
2472 2461 2579 2527 vel

264 2572 397 2631 tres
460 2570 680 2651 partes
744 2585 985 2649 aequas
1047 2571 1491 2650 componeret,
1559 2564 1739 2630 aliud
1804 2564 1887 2630 de
1955 2564 2085 2629 alio
2152 2562 2575 2645 subtraheret,

266 2668 645 2734 custodibus
702 2686 957 2751 semper
1013 2687 1165 2734 usus
1221 2667 1637 2752 perceptione
1693 2671 1758 2732 et
1800 2668 2046 2732 ratione
2094 2656 2283 2750 (ἀκοῇ
2328 2672 2393 2731 et
2437 2663 2577 2730 δια-

266 2774 453 2856 νοίᾳ,
516 2790 578 2853 p.
613 2772 694 2834 48
727 2789 866 2854 sqq.
913 2766 1138 2853 qu.).
1227 2768 1411 2847 Quae
1464 2775 1681 2835 autem
1736 2767 1860 2835 hac
1914 2770 2025 2834 via
2079 2789 2207 2834 non
2250 2774 2579 2836 assecutus

269 2879 369 2939 est
411 2873 674 2939 auribus
718 2891 927 2955 neque
986 2892 1070 2939 ex
1114 2873 1262 2939 aliis
1307 2872 1608 2938 derivare
1652 2877 1936 2956 poterat,
1996 2891 2075 2937 ea
2121 2871 2383 2937 vocavit
2423 2872 2579 2937 irra-

266 2975 558 3041 tionalia.

442 3076 633 3156 Quod
688 3082 902 3143 autem
959 3078 1091 3143 alia
1147 3077 1491 3143 intervalla
1534 3076 1703 3142 dixit
1745 3077 2106 3159 rationalia,
2159 3077 2293 3143 alia
2334 3078 2580 3142 irratio-

269 3180 482 3262 nalia,
531 3180 667 3246 eius
712 3180 807 3245 rei
853 3199 1049 3247 causa
1091 3178 1328 3245 idonea
1383 3200 1462 3245 ac
1506 3178 1830 3245 sufficiens
1888 3179 1955 3243 in
2000 3179 2145 3262 ipsa
2188 3176 2578 3261 definitione,

272 3302 442 3367 quae
486 3281 659 3365 apud
704 3281 1331 3349 Pseudo-Euclidem
1379 3290 1443 3347 et
1485 3281 1880 3363 Bryennium
1926 3286 2122 3362 extat,
2167 3280 2378 3345 inesse
2420 3278 2581 3344 mihi

269 3385 548 3452 videtur.
637 3384 866 3467 Itaque
896 3385 1241 3451 intervalla
1269 3391 1487 3469 atque,
1529 3384 1832 3467 quoniam
1866 3382 2206 3447 intervallo
2238 3382 2579 3464 terminan-

271 3493 397 3568 tur,
443 3492 795 3569 systemata
839 3506 1097 3570 quoque
1141 3492 1489 3571 propterea
1531 3491 1679 3552 sunt
1721 3484 2094 3565 rationalia,
2142 3484 2315 3567 quod
2362 3503 2579 3550 eorum

268 3590 527 3673 μεγέθη
575 3580 1003 3668 ἀποδιδόναι,
1051 3590 1093 3653 i.
1127 3607 1182 3654 e.
1230 3589 1460 3673 spatia,
1509 3608 1653 3654 cum
1684 3587 1947 3653 auribus
1991 3593 2289 3653 accurate
2332 3587 2581 3671 percipi

267 3691 551 3775 possint,
621 3692 902 3758 numeris
965 3692 1327 3776 exprimere
1386 3691 1568 3773 licet;
1636 3689 2034 3755 irrationalia
2092 3695 2337 3773 autem,
2406 3687 2581 3772 quod

270 3814 495 3862 eorum
526 3794 740 3878 spatia
780 3813 992 3879 neque
1021 3802 1318 3862 accurate
1363 3795 1612 3879 percipi
1656 3812 1776 3860 nec
1818 3794 2098 3859 numeris
2130 3793 2260 3860 dici
2290 3798 2577 3877 possunt,

269 3917 352 3963 ac
395 3915 479 3962 ne
522 3896 770 3962 minuta
815 3897 1076 3980 quidem
1120 3897 1234 3962 illa
1279 3896 1642 3976 intervalla,
1687 3895 1917 3979 quibus
1961 3894 2267 3961 differunt
2308 3915 2350 3960 a
2388 3895 2578 3960 ratio-

267 4000 529 4065 nalibus
601 3996 1175 4081 (παραλλάττουσι
1245 3999 1458 4063 ταῦτα
1516 3994 1600 4062 τὰ
1654 4000 1971 4083 μεγέθη),
2044 3998 2324 4063 numeris
2394 3994 2581 4063 reddi

269 4107 560 4187 possunt.
665 4098 1109 4183 Quodcunque
1168 4101 1362 4183 igitur
1427 4101 1705 4185 spatium
1765 4098 2201 4164 harmonicum
2261 4096 2578 4178 λέγεσθαι
