3177 4960
885 362 966 417 De
999 361 1414 417 irrationalitate
1448 362 1631 419 studia
1663 363 1985 433 rhythmica.
2470 364 2590 423 201

271 535 826 622 quemadmodum
871 556 998 602 non
1043 537 1248 602 omnis
1294 532 1550 619 χρόνων
1593 533 1781 612 τάξις
1824 537 1909 603 sit
1952 533 2316 624 ἕῤῥυθμος,
2378 538 2469 603 ita
2513 558 2594 604 ne

276 636 347 704 ἓν
379 640 479 722 τῷ
506 635 831 723 μελῳδεῖν
872 636 1134 720 quidem
1181 639 1411 720 quovis
1441 638 1634 704 modo
1665 640 1962 723 componi
2006 639 2348 706 intervalla
2376 646 2595 706 notum

277 761 425 809 esse
470 741 580 806 ait.
669 739 918 806 Eodem
966 739 1159 805 modo
1216 741 1283 804 in
1340 738 1463 806 hac
1506 747 1866 824 temporum
1922 742 2386 808 irrationalium
2431 748 2593 808 trac-

275 843 524 909 tatione
579 843 843 926 respicit
903 862 1045 908 eam
1102 849 1352 926 partem
1396 843 1529 906 τῶν
1575 836 1947 927 ἁρμονικῶν
1994 846 2371 923 στοιχείων,
2428 862 2596 927 quae

278 953 422 1012 erat
478 944 564 1011 de
607 945 1099 1010 irrationalitate
1158 944 1662 1011 intervallorum.
1753 944 1886 1012 Sed
1930 965 2074 1012 cum
2120 965 2199 1012 ea
2242 945 2596 1028 disputatio

277 1048 619 1128 interierit,
652 1048 745 1112 rei
778 1046 1064 1129 cognitio
1092 1046 1407 1131 penderet
1436 1067 1520 1114 ex
1549 1053 1766 1114 nostro
1797 1048 1942 1114 loco
1974 1049 2132 1131 solo,
2180 1049 2304 1114 nisi
2334 1067 2596 1131 magno-

278 1168 441 1234 pere
470 1148 927 1215 adiuvaremur
958 1168 1054 1231 eo,
1103 1148 1276 1233 quod
1307 1150 1604 1215 notiones
1647 1148 1756 1216 hic
1798 1151 2100 1215 inventae
2137 1150 2596 1216 elementorum

279 1250 802 1318 harmonicorum
848 1251 1141 1333 reliquiis
1188 1250 1604 1317 illustrantur.

454 1354 655 1436 Atqui
697 1359 768 1419 ut
811 1373 894 1418 an
937 1359 1192 1437 tempus
1237 1353 1591 1437 quodpiam
1634 1353 1934 1438 rhythmo
1980 1362 2201 1439 aptum
2247 1355 2330 1420 sit
2372 1373 2598 1435 necne,

277 1476 413 1522 non
443 1455 800 1522 ostenditur
821 1456 946 1522 nisi
977 1455 1044 1520 in
1072 1455 1351 1538 pedibus
1383 1454 1783 1540 rhythmicis,
1828 1457 1921 1522 ita
1949 1463 2161 1522 utrum
2189 1457 2600 1523 intervallum

278 1564 527 1625 certum
584 1557 912 1640 quoddam
969 1557 1382 1623 harmonicae
1437 1565 1659 1643 aptum
1717 1559 1802 1624 sit
1856 1557 2304 1642 (μελῳδεῖται)
2374 1578 2597 1639 necne,

277 1681 413 1727 non
459 1662 863 1743 cognoscitur
905 1661 1030 1727 nisi
1075 1661 1143 1725 in
1187 1661 1555 1743 systematis
1600 1660 1996 1744 symphoniS,
2045 1681 2311 1744 quorum
2354 1661 2599 1727 brevis-

279 1766 517 1831 simum
581 1769 678 1829 est
732 1761 1213 1829 tetrachordum
1274 1765 1361 1846 (p.
1396 1765 1497 1846 33,
1534 1766 1647 1845 113
1694 1765 1797 1847 66,
1833 1767 1909 1827 17
1941 1760 2164 1846 qu.).
2253 1763 2341 1830 Ut
2383 1768 2600 1829 autem

280 1885 482 1932 unum
529 1863 923 1931 tetrachordi
969 1865 1378 1930 intervallum
1410 1884 1538 1931 non
1581 1871 1796 1948 potest
1824 1873 1935 1932 aut
1962 1867 2187 1950 augeri
2223 1873 2335 1933 aut
2377 1866 2600 1948 minui,

281 1988 432 2034 cum
462 1968 733 2034 alterum
775 1967 1185 2033 intervallum
1215 1987 1343 2032 non
1373 1973 1486 2033 aut
1527 1969 1852 2034 minuatur
1880 1975 1992 2034 aut
2020 1975 2333 2051 augeatur
2369 2003 2443 2013 —
2475 1969 2600 2034 nisi

277 2070 452 2135 forte
495 2069 689 2136 totius
734 2067 1126 2135 tetrachordi
1171 2069 1449 2153 spatium
1492 2076 1605 2135 aut
1649 2071 1951 2137 transitur
1987 2078 2256 2137 autnon
2287 2071 2602 2155 expletur,

281 2172 356 2237 id
415 2170 588 2254 quod
640 2192 682 2237 a
724 2170 1164 2237 modulatione
1206 2170 1553 2238 abhorrere
1598 2169 1886 2254 (ἐκμελὲς
1931 2167 2129 2251 εἶναι)
2172 2174 2414 2257 pluries
2459 2193 2603 2257 pro·

279 2273 502 2340 fitetur
559 2273 984 2340 Aristoxenus
1043 2277 1127 2357 (p.
1162 2277 1264 2356 40,
1296 2276 1399 2339 20.
1447 2276 1547 2355 78,
1584 2278 1682 2341 13.
1729 2280 1832 2361 90,
1870 2280 1966 2340 17.
2014 2279 2118 2356 92,
2150 2280 2230 2342 23
2261 2276 2465 2359 qu.)
2520 2311 2603 2321 —-

281 2377 381 2442 ita
403 2396 484 2441 ne
515 2375 853 2459 rhythmus
878 2375 1139 2459 quidem
1161 2382 1450 2459 tempore
1480 2377 1648 2444 iusto
1679 2379 1969 2461 longiore
1999 2379 2292 2445 admixto
2322 2380 2603 2462 spatium

279 2479 646 2563 legitimum
677 2499 984 2562 superare
1015 2485 1245 2562 potest.
1299 2478 1470 2562 Ergo
1503 2479 1615 2562 qui
1644 2478 2119 2547 tetrachordum
2151 2479 2344 2547 modo
2378 2479 2603 2547 decem

281 2580 483 2648 modo
541 2580 842 2648 undecim
900 2581 1114 2647 dieses
1161 2581 1614 2649 enharmonias
1658 2584 2000 2666 complecti
2056 2603 2246 2667 posse
2293 2583 2602 2668 crederet,

279 2704 419 2750 non
463 2685 705 2750 maiore
750 2684 1150 2751 absurditate
1207 2690 1559 2767 teneretur,
1623 2705 1816 2768 quam
1877 2687 1986 2769 qui
2031 2705 2362 2752 numerum
2409 2686 2603 2753 ditro-

280 2785 587 2853 chaicum
647 2785 1070 2853 hexasemum
1113 2788 1276 2852 arsis
1320 2786 1586 2853 alterius
1643 2788 2064 2871 productione
2108 2808 2313 2871 usque
2356 2788 2441 2854 ad
2488 2807 2604 2855 sex

279 2909 504 2956 moras
550 2896 613 2956 et
657 2888 995 2955 dimidiam
1041 2888 1302 2954 extendi
1348 2890 1666 2973 opinatur.

1404 3075 1483 3141 A.

485 3178 598 3244 De
644 3177 1130 3244 intervallis
1175 3198 1268 3245 ac
1312 3179 1792 3262 systematis
1837 3181 2413 3247 rationalibus.

466 3298 818 3363 Intervalla
856 3297 1205 3375 rationalia
1237 3297 1842 3363 commensurabilia
1885 3318 2028 3364 esse
2074 3305 2369 3381 oportere
2413 3298 2605 3364 inter-

282 3400 471 3466 vallo
517 3400 736 3482 aliquo
794 3400 1002 3482 primo
1047 3420 1125 3466 ac
1168 3399 1581 3484 brevissimo,
1642 3401 2007 3482 quicunque
2052 3399 2219 3467 hanc
2261 3420 2396 3467 rem
2442 3406 2607 3469 trac-

285 3508 539 3585 tavere,
573 3502 996 3568 consentiunt.
1056 3500 1177 3567 Cui
1222 3501 1673 3568 documentum
1703 3501 1938 3568 afferre
1966 3508 2312 3587 potuerunt
2340 3504 2607 3570 nullum.

284 3600 658 3688 Διάστημα
704 3604 873 3669 enim
916 3605 1217 3686 πρῶτον,
1267 3603 1440 3687 quod
1485 3603 1847 3670 conferatur
1890 3624 2035 3671 cum
2074 3602 2291 3689 χρόνῳ
2336 3604 2607 3692 πρώτῳ,

286 3705 378 3772 ab
408 3706 800 3772 Aristoxeno
845 3707 1127 3789 positum
1159 3725 1300 3771 esse
1346 3724 1664 3788 nusquam
1707 3706 2015 3789 scriptum
2061 3706 2375 3774 videmus.
2466 3707 2609 3786 Quo

286 3806 534 3872 factum
583 3813 710 3891 est,
758 3813 826 3872 ut
871 3808 993 3872 viri
1041 3807 1214 3874 docti
1260 3807 1344 3873 de
1389 3808 1731 3873 intervallo
1774 3808 1898 3874 isto
1940 3809 2181 3892 primo,
2242 3809 2415 3892 quod
2460 3810 2609 3895 ipsi,

286 3928 426 3974 non
453 3897 901 3993 Aristoxenus,
932 3915 1234 3993 statuere,
1266 3909 1667 3976 dissentiant.
1734 3911 1985 3976 Tonum
2016 3912 2187 3977 enim
2218 3931 2361 3978 esse
2406 3912 2611 3979 credit

290 4012 668 4078 Aristoxeni
696 4012 913 4079 verbis
943 4010 1052 4092 (el.
1085 4010 1179 4076 rh.
1211 4032 1274 4096 p.
1310 4015 1411 4096 34,
1443 4014 1526 4076 22
1557 4010 1682 4088 W.)
1727 4013 1927 4079 fretus
1973 4013 2457 4080 Bellermannus
2502 4015 2608 4090 (ad

288 4133 691 4198 anonymum
736 4113 819 4180 de
864 4135 1026 4181 mus.
1071 4134 1138 4198 p.
1183 4116 1320 4197 72),
1381 4114 1591 4181 diesin
1641 4114 2125 4182 enharmoniam
2172 4114 2609 4198 Westphalius
