<?xml version="1.0" encoding="UTF-8"?>
<!DOCTYPE html PUBLIC "-//W3C//DTD XHTML 1.0 Transitional//EN"
    "http://www.w3.org/TR/xhtml1/DTD/xhtml1-transitional.dtd">
<html xmlns="http://www.w3.org/1999/xhtml" xml:lang="en" lang="en">
 <head>
  <title>
</title>
<meta http-equiv="Content-Type" content="text/html;charset=utf-8" />
  <meta name='ocr-system' content='tesseract 3.04.00' />
  <meta name='ocr-capabilities' content='ocr_page ocr_carea ocr_par ocr_line ocrx_word'/>
</head>
<body>
  <div class='ocr_page' id='page_1' title='image "./deirrationalita00jusagoog_0069.png"; bbox 0 0 3177 4960; ppageno 0'>
   <div class='ocr_carea' id='block_1_1' title="bbox 874 332 2578 424">
    <p class='ocr_par' dir='ltr' id='par_1_1' title="bbox 874 332 2578 424">
     <span class='ocr_line' id='line_1_1' title="bbox 874 332 2578 424; baseline 0.006 -18"><span class='ocrx_word' id='word_1_1' title='bbox 874 353 958 407; x_wconf 89' lang='lat' dir='ltr'>De</span> <span class='ocrx_word' id='word_1_2' title='bbox 992 352 1404 408; x_wconf 74' lang='lat' dir='ltr'>irrationalitate</span> <span class='ocrx_word' id='word_1_3' title='bbox 1438 352 1619 409; x_wconf 88' lang='lat' dir='ltr'>studia</span> <span class='ocrx_word' id='word_1_4' title='bbox 1653 332 1972 424; x_wconf 81' lang='lat' dir='ltr'>rhythmica.</span> <span class='ocrx_word' id='word_1_5' title='bbox 2457 357 2578 416; x_wconf 84' lang='lat'>231</span> 
     </span>
    </p>
   </div>
   <div class='ocr_carea' id='block_1_2' title="bbox 255 521 2586 3374">
    <p class='ocr_par' dir='ltr' id='par_1_2' title="bbox 255 521 2586 3374">
     <span class='ocr_line' id='line_1_2' title="bbox 261 521 2585 611; baseline 0.001 -19"><span class='ocrx_word' id='word_1_6' title='bbox 261 528 555 610; x_wconf 79' lang='lat' dir='ltr'>numeri,</span> <span class='ocrx_word' id='word_1_7' title='bbox 608 527 839 609; x_wconf 81' lang='lat' dir='ltr'>quibus</span> <span class='ocrx_word' id='word_1_8' title='bbox 885 545 1184 593; x_wconf 83' lang='lat' dir='ltr'>sonorum</span> <span class='ocrx_word' id='word_1_9' title='bbox 1228 521 1552 610; x_wconf 79' lang='grc' dir='ltr'><strong><em>ὑπεροχαὶ</em></strong></span> <span class='ocrx_word' id='word_1_10' title='bbox 1598 528 1738 593; x_wconf 83' lang='lat' dir='ltr'>sive</span> <span class='ocrx_word' id='word_1_11' title='bbox 1780 522 1865 590; x_wconf 80' lang='grc' dir='ltr'>τὰ</span> <span class='ocrx_word' id='word_1_12' title='bbox 1895 524 2064 591; x_wconf 80' lang='grc' dir='ltr'><strong><em>κατὰ</em></strong></span> <span class='ocrx_word' id='word_1_13' title='bbox 2111 525 2389 611; x_wconf 80' lang='grc' dir='ltr'><em>δύναμιν</em></span> <span class='ocrx_word' id='word_1_14' title='bbox 2435 527 2585 595; x_wconf 80' lang='grc' dir='ltr'><em>δια-</em></span> 
     </span>
     <span class='ocr_line' id='line_1_3' title="bbox 263 626 2583 718; baseline 0.003 -26"><span class='ocrx_word' id='word_1_15' title='bbox 263 626 581 715; x_wconf 77' lang='grc' dir='ltr'><em>στήματα</em></span> <span class='ocrx_word' id='word_1_16' title='bbox 614 627 955 714; x_wconf 83' lang='lat' dir='ltr'>(Porphyr.</span> <span class='ocrx_word' id='word_1_17' title='bbox 986 649 1050 712; x_wconf 90' lang='lat' dir='ltr'>p.</span> <span class='ocrx_word' id='word_1_18' title='bbox 1079 630 1225 706; x_wconf 86' lang='lat'><strong>313)</strong></span> <span class='ocrx_word' id='word_1_19' title='bbox 1261 630 1724 714; x_wconf 83' lang='lat' dir='ltr'>exprimuntur,</span> <span class='ocrx_word' id='word_1_20' title='bbox 1768 648 1898 695; x_wconf 92' lang='lat' dir='ltr'>non</span> <span class='ocrx_word' id='word_1_21' title='bbox 1925 630 2010 695; x_wconf 91' lang='lat' dir='ltr'>ab</span> <span class='ocrx_word' id='word_1_22' title='bbox 2039 632 2289 697; x_wconf 88' lang='lat' dir='ltr'>aurium</span> <span class='ocrx_word' id='word_1_23' title='bbox 2317 652 2583 718; x_wconf 89' lang='lat' dir='ltr'>percep-</span> 
     </span>
     <span class='ocr_line' id='line_1_4' title="bbox 261 725 2583 814; baseline 0 -15"><span class='ocrx_word' id='word_1_24' title='bbox 261 733 448 799; x_wconf 91' lang='lat' dir='ltr'>tione</span> <span class='ocrx_word' id='word_1_25' title='bbox 472 729 777 814; x_wconf 91' lang='lat' dir='ltr'>pendent,</span> <span class='ocrx_word' id='word_1_26' title='bbox 823 729 939 797; x_wconf 92' lang='lat' dir='ltr'>sed</span> <span class='ocrx_word' id='word_1_27' title='bbox 969 750 1231 814; x_wconf 87' lang='lat' dir='ltr'>prorsus</span> <span class='ocrx_word' id='word_1_28' title='bbox 1262 731 1605 797; x_wconf 86' lang='lat' dir='ltr'>arbitrario</span> <span class='ocrx_word' id='word_1_29' title='bbox 1635 736 1995 797; x_wconf 90' lang='lat' dir='ltr'>statuuntur</span> <span class='ocrx_word' id='word_1_30' title='bbox 2034 725 2149 808; x_wconf 83' lang='grc' dir='ltr'>(ὥς</span> <span class='ocrx_word' id='word_1_31' title='bbox 2186 730 2387 813; x_wconf 70' lang='grc' dir='ltr'>ἔτυχε,</span> <span class='ocrx_word' id='word_1_32' title='bbox 2434 727 2583 799; x_wconf 78' lang='grc' dir='ltr'><em>διά-</em></span> 
     </span>
     <span class='ocr_line' id='line_1_5' title="bbox 264 830 2584 922; baseline 0.003 -24"><span class='ocrx_word' id='word_1_33' title='bbox 264 855 495 921; x_wconf 83' lang='grc' dir='ltr'><em>στημα</em></span> <span class='ocrx_word' id='word_1_34' title='bbox 527 830 854 917; x_wconf 77' lang='grc' dir='ltr'><em>τιθέασι),</em></span> <span class='ocrx_word' id='word_1_35' title='bbox 888 834 945 899; x_wconf 91' lang='lat' dir='ltr'>si</span> <span class='ocrx_word' id='word_1_36' title='bbox 975 832 1167 899; x_wconf 91' lang='lat' dir='ltr'>modo</span> <span class='ocrx_word' id='word_1_37' title='bbox 1200 853 1316 899; x_wconf 89' lang='lat' dir='ltr'>eae</span> <span class='ocrx_word' id='word_1_38' title='bbox 1347 834 1795 919; x_wconf 81' lang='lat' dir='ltr'>proportiones</span> <span class='ocrx_word' id='word_1_39' title='bbox 1825 835 1992 900; x_wconf 89' lang='lat' dir='ltr'>inter</span> <span class='ocrx_word' id='word_1_40' title='bbox 2021 855 2090 901; x_wconf 87' lang='lat' dir='ltr'>se</span> <span class='ocrx_word' id='word_1_41' title='bbox 2121 836 2584 922; x_wconf 80' lang='lat' dir='ltr'>multiplicatae</span> 
     </span>
     <span class='ocr_line' id='line_1_6' title="bbox 266 934 2585 1021; baseline 0.001 -18"><span class='ocrx_word' id='word_1_42' title='bbox 266 936 565 1003; x_wconf 89' lang='lat' dir='ltr'>efficiunt</span> <span class='ocrx_word' id='word_1_43' title='bbox 609 936 803 1001; x_wconf 88' lang='lat' dir='ltr'>totius</span> <span class='ocrx_word' id='word_1_44' title='bbox 834 934 1232 1002; x_wconf 79' lang='lat' dir='ltr'>tetrachordi</span> <span class='ocrx_word' id='word_1_45' title='bbox 1278 936 1683 1003; x_wconf 82' lang='lat' dir='ltr'>diatessaron</span> <span class='ocrx_word' id='word_1_46' title='bbox 1714 938 2193 1021; x_wconf 88' lang='lat' dir='ltr'>proportionem</span> <span class='ocrx_word' id='word_1_47' title='bbox 2243 941 2437 1017; x_wconf 88' lang='lat'>(3:4).</span> <span class='ocrx_word' id='word_1_48' title='bbox 2512 939 2585 1006; x_wconf 89' lang='lat' dir='ltr'>Si</span> 
     </span>
     <span class='ocr_line' id='line_1_7' title="bbox 262 1036 2584 1125; baseline 0.001 -21"><span class='ocrx_word' id='word_1_49' title='bbox 262 1040 443 1105; x_wconf 91' lang='lat' dir='ltr'>enim</span> <span class='ocrx_word' id='word_1_50' title='bbox 490 1059 594 1105; x_wconf 93' lang='lat' dir='ltr'>ex.</span> <span class='ocrx_word' id='word_1_51' title='bbox 627 1059 722 1121; x_wconf 86' lang='lat' dir='ltr'>gr.</span> <span class='ocrx_word' id='word_1_52' title='bbox 769 1036 1167 1104; x_wconf 88' lang='lat' dir='ltr'>enharmonii</span> <span class='ocrx_word' id='word_1_53' title='bbox 1213 1040 1468 1121; x_wconf 87' lang='lat' dir='ltr'>generis</span> <span class='ocrx_word' id='word_1_54' title='bbox 1500 1039 1847 1105; x_wconf 86' lang='lat' dir='ltr'>intervalla</span> <span class='ocrx_word' id='word_1_55' title='bbox 1888 1060 1930 1105; x_wconf 90' lang='lat' dir='ltr'>a</span> <span class='ocrx_word' id='word_1_56' title='bbox 1960 1041 2333 1107; x_wconf 87' lang='lat' dir='ltr'>Ptolemaeo</span> <span class='ocrx_word' id='word_1_57' title='bbox 2373 1043 2584 1125; x_wconf 89' lang='lat' dir='ltr'>expri-</span> 
     </span>
     <span class='ocr_line' id='line_1_8' title="bbox 263 1138 2583 1225; baseline 0.001 -18"><span class='ocrx_word' id='word_1_58' title='bbox 263 1149 527 1207; x_wconf 89' lang='lat' dir='ltr'>muntur</span> <span class='ocrx_word' id='word_1_59' title='bbox 557 1140 1079 1224; x_wconf 88' lang='lat' dir='ltr'>proportionibus</span> <span class='ocrx_word' id='word_1_60' title='bbox 1113 1138 1244 1206; x_wconf 88' lang='lat' dir='ltr'>his:</span> <span class='ocrx_word' id='word_1_61' title='bbox 1281 1142 1417 1219; x_wconf 73' lang='lat' dir='ltr'>⁴⁵l4e</span> <span class='ocrx_word' id='word_1_62' title='bbox 1451 1158 1522 1200; x_wconf 94' lang='lat'>&gt;&lt;</span> <span class='ocrx_word' id='word_1_63' title='bbox 1557 1140 1695 1220; x_wconf 76' lang='lat' dir='ltr'>²³l24</span> <span class='ocrx_word' id='word_1_64' title='bbox 1720 1159 1791 1202; x_wconf 95' lang='lat'>&gt;&lt;</span> <span class='ocrx_word' id='word_1_65' title='bbox 1823 1141 1894 1220; x_wconf 74' lang='lat' dir='ltr'>4l5</span> <span class='ocrx_word' id='word_1_66' title='bbox 1932 1171 2013 1192; x_wconf 91' lang='lat'>=</span> <span class='ocrx_word' id='word_1_67' title='bbox 2051 1144 2148 1225; x_wconf 77' lang='grc'><strong><em>314,</em></strong></span> <span class='ocrx_word' id='word_1_68' title='bbox 2177 1163 2305 1209; x_wconf 92' lang='lat' dir='ltr'>non</span> <span class='ocrx_word' id='word_1_69' title='bbox 2334 1143 2583 1209; x_wconf 90' lang='lat' dir='ltr'>intelle·</span> 
     </span>
     <span class='ocr_line' id='line_1_9' title="bbox 262 1243 2580 1327; baseline 0.001 -19"><span class='ocrx_word' id='word_1_70' title='bbox 262 1244 513 1327; x_wconf 83' lang='lat' dir='ltr'>gimus,</span> <span class='ocrx_word' id='word_1_71' title='bbox 575 1262 688 1308; x_wconf 89' lang='lat' dir='ltr'>cur</span> <span class='ocrx_word' id='word_1_72' title='bbox 731 1262 842 1307; x_wconf 88' lang='lat' dir='ltr'>eas</span> <span class='ocrx_word' id='word_1_73' title='bbox 894 1243 1298 1324; x_wconf 89' lang='lat' dir='ltr'>potissimum</span> <span class='ocrx_word' id='word_1_74' title='bbox 1354 1243 1680 1327; x_wconf 90' lang='lat' dir='ltr'>statuerit,</span> <span class='ocrx_word' id='word_1_75' title='bbox 1728 1264 1870 1309; x_wconf 91' lang='lat' dir='ltr'>cum</span> <span class='ocrx_word' id='word_1_76' title='bbox 1917 1245 2089 1309; x_wconf 89' lang='lat' dir='ltr'>aliae</span> <span class='ocrx_word' id='word_1_77' title='bbox 2133 1245 2373 1310; x_wconf 91' lang='lat' dir='ltr'>multae</span> <span class='ocrx_word' id='word_1_78' title='bbox 2417 1245 2580 1311; x_wconf 90' lang='lat' dir='ltr'>eius·</span> 
     </span>
     <span class='ocr_line' id='line_1_10' title="bbox 260 1340 2582 1429; baseline -0.001 -17"><span class='ocrx_word' id='word_1_79' title='bbox 260 1345 447 1412; x_wconf 91' lang='lat' dir='ltr'>modi</span> <span class='ocrx_word' id='word_1_80' title='bbox 506 1340 904 1429; x_wconf 77' lang='grc' dir='ltr'><em>(ἑπιμόριοι)</em></span> <span class='ocrx_word' id='word_1_81' title='bbox 964 1344 1247 1410; x_wconf 87' lang='lat' dir='ltr'>efficiant</span> <span class='ocrx_word' id='word_1_82' title='bbox 1317 1343 1587 1411; x_wconf 91' lang='lat' dir='ltr'>eandem</span> <span class='ocrx_word' id='word_1_83' title='bbox 1648 1346 2129 1429; x_wconf 90' lang='lat' dir='ltr'>proportionem</span> <span class='ocrx_word' id='word_1_84' title='bbox 2195 1347 2582 1426; x_wconf 85' lang='lat' dir='ltr'>universam,</span> 
     </span>
     <span class='ocr_line' id='line_1_11' title="bbox 262 1446 2586 1532; baseline 0.001 -20"><span class='ocrx_word' id='word_1_85' title='bbox 262 1447 451 1514; x_wconf 83' lang='lat' dir='ltr'>velut</span> <span class='ocrx_word' id='word_1_86' title='bbox 499 1446 636 1525; x_wconf 75' lang='lat' dir='ltr'>3⁹l4o</span> <span class='ocrx_word' id='word_1_87' title='bbox 669 1462 741 1507; x_wconf 93' lang='lat'>&gt;&lt;</span> <span class='ocrx_word' id='word_1_88' title='bbox 776 1448 911 1526; x_wconf 77' lang='lat' dir='ltr'><strong>²⁵l²6</strong></span> <span class='ocrx_word' id='word_1_89' title='bbox 947 1464 1018 1507; x_wconf 95' lang='lat'>&gt;&lt;</span> <span class='ocrx_word' id='word_1_90' title='bbox 1052 1448 1123 1522; x_wconf 81' lang='lat' dir='ltr'>‘¹l5</span> <span class='ocrx_word' id='word_1_91' title='bbox 1159 1475 1244 1497; x_wconf 91' lang='lat'>=</span> <span class='ocrx_word' id='word_1_92' title='bbox 1280 1447 1376 1529; x_wconf 77' lang='lat' dir='ltr'>3l4,</span> <span class='ocrx_word' id='word_1_93' title='bbox 1430 1446 1564 1527; x_wconf 75' lang='lat' dir='ltr'>35l36</span> <span class='ocrx_word' id='word_1_94' title='bbox 1595 1464 1666 1506; x_wconf 94' lang='lat'>&gt;&lt;</span> <span class='ocrx_word' id='word_1_95' title='bbox 1694 1450 1828 1527; x_wconf 71' lang='lat' dir='ltr'>27les</span> <span class='ocrx_word' id='word_1_96' title='bbox 1864 1465 1935 1508; x_wconf 95' lang='lat'>&gt;&lt;</span> <span class='ocrx_word' id='word_1_97' title='bbox 1968 1452 2041 1523; x_wconf 74' lang='lat' dir='ltr'>‘¹l5</span> <span class='ocrx_word' id='word_1_98' title='bbox 2075 1476 2160 1499; x_wconf 93' lang='lat'>=</span> <span class='ocrx_word' id='word_1_99' title='bbox 2197 1451 2293 1532; x_wconf 79' lang='grc'><strong><em>314,</em></strong></span> <span class='ocrx_word' id='word_1_100' title='bbox 2346 1446 2483 1527; x_wconf 63' lang='grc'>31132</span> <span class='ocrx_word' id='word_1_101' title='bbox 2515 1465 2586 1508; x_wconf 94' lang='grc'>&gt;&lt;</span> 
     </span>
     <span class='ocr_line' id='line_1_12' title="bbox 270 1549 2584 1634; baseline 0 -17"><span class='ocrx_word' id='word_1_102' title='bbox 270 1550 408 1628; x_wconf 70' lang='grc'><strong><em>30121</em></strong></span> <span class='ocrx_word' id='word_1_103' title='bbox 449 1566 519 1610; x_wconf 95' lang='grc'>&gt;&lt;</span> <span class='ocrx_word' id='word_1_104' title='bbox 552 1549 625 1629; x_wconf 71' lang='grc'>415</span> <span class='ocrx_word' id='word_1_105' title='bbox 655 1578 737 1599; x_wconf 88' lang='lat'>=</span> <span class='ocrx_word' id='word_1_106' title='bbox 769 1549 863 1631; x_wconf 76' lang='grc'><strong><em>314,</em></strong></span> <span class='ocrx_word' id='word_1_107' title='bbox 896 1550 1084 1615; x_wconf 89' lang='lat' dir='ltr'>aliae.</span> <span class='ocrx_word' id='word_1_108' title='bbox 1157 1549 1580 1615; x_wconf 88' lang='lat' dir='ltr'>Numerorum</span> <span class='ocrx_word' id='word_1_109' title='bbox 1612 1550 1807 1633; x_wconf 88' lang='lat' dir='ltr'>igitur</span> <span class='ocrx_word' id='word_1_110' title='bbox 1835 1552 2281 1634; x_wconf 89' lang='lat' dir='ltr'>proportiones</span> <span class='ocrx_word' id='word_1_111' title='bbox 2313 1552 2458 1617; x_wconf 88' lang='lat' dir='ltr'>illas</span> <span class='ocrx_word' id='word_1_112' title='bbox 2488 1552 2584 1616; x_wconf 90' lang='lat' dir='ltr'>in-</span> 
     </span>
     <span class='ocr_line' id='line_1_13' title="bbox 267 1652 2583 1736; baseline -0 -17"><span class='ocrx_word' id='word_1_113' title='bbox 267 1652 665 1719; x_wconf 79' lang='lat' dir='ltr'>certissimas</span> <span class='ocrx_word' id='word_1_114' title='bbox 698 1671 860 1734; x_wconf 90' lang='lat' dir='ltr'>esse,</span> <span class='ocrx_word' id='word_1_115' title='bbox 893 1652 961 1718; x_wconf 91' lang='lat' dir='ltr'>id</span> <span class='ocrx_word' id='word_1_116' title='bbox 992 1653 1273 1718; x_wconf 88' lang='lat' dir='ltr'>maxime</span> <span class='ocrx_word' id='word_1_117' title='bbox 1305 1652 1631 1718; x_wconf 88' lang='lat' dir='ltr'>canonicis</span> <span class='ocrx_word' id='word_1_118' title='bbox 1664 1652 2011 1736; x_wconf 89' lang='lat' dir='ltr'>opprobrio</span> <span class='ocrx_word' id='word_1_119' title='bbox 2043 1652 2303 1720; x_wconf 84' lang='lat' dir='ltr'>dedisse</span> <span class='ocrx_word' id='word_1_120' title='bbox 2326 1653 2583 1720; x_wconf 85' lang='lat' dir='ltr'>videtur</span> 
     </span>
     <span class='ocr_line' id='line_1_14' title="bbox 268 1752 2581 1838; baseline -0 -16"><span class='ocrx_word' id='word_1_121' title='bbox 268 1756 719 1822; x_wconf 86' lang='lat' dir='ltr'>Aristoxenus.</span> <span class='ocrx_word' id='word_1_122' title='bbox 805 1754 904 1821; x_wconf 91' lang='lat' dir='ltr'>Ac</span> <span class='ocrx_word' id='word_1_123' title='bbox 949 1774 1093 1820; x_wconf 94' lang='lat' dir='ltr'>cum</span> <span class='ocrx_word' id='word_1_124' title='bbox 1123 1755 1524 1820; x_wconf 86' lang='lat' dir='ltr'>rationalitas</span> <span class='ocrx_word' id='word_1_125' title='bbox 1556 1752 1932 1821; x_wconf 88' lang='lat' dir='ltr'>harmonica</span> <span class='ocrx_word' id='word_1_126' title='bbox 1972 1775 2099 1820; x_wconf 92' lang='lat' dir='ltr'>non</span> <span class='ocrx_word' id='word_1_127' title='bbox 2130 1756 2344 1838; x_wconf 90' lang='lat' dir='ltr'>posita</span> <span class='ocrx_word' id='word_1_128' title='bbox 2387 1756 2471 1820; x_wconf 89' lang='lat' dir='ltr'>sit</span> <span class='ocrx_word' id='word_1_129' title='bbox 2515 1756 2581 1821; x_wconf 92' lang='lat' dir='ltr'>in</span> 
     </span>
     <span class='ocr_line' id='line_1_15' title="bbox 264 1856 2581 1942; baseline 0.001 -20"><span class='ocrx_word' id='word_1_130' title='bbox 264 1857 793 1942; x_wconf 87' lang='lat' dir='ltr'>proportionibus</span> <span class='ocrx_word' id='word_1_131' title='bbox 836 1876 1046 1940; x_wconf 91' lang='lat' dir='ltr'>neque</span> <span class='ocrx_word' id='word_1_132' title='bbox 1093 1857 1202 1939; x_wconf 91' lang='lat' dir='ltr'>ita,</span> <span class='ocrx_word' id='word_1_133' title='bbox 1249 1862 1320 1922; x_wconf 92' lang='lat' dir='ltr'>ut</span> <span class='ocrx_word' id='word_1_134' title='bbox 1362 1856 1708 1922; x_wconf 87' lang='lat' dir='ltr'>intervalla</span> <span class='ocrx_word' id='word_1_135' title='bbox 1750 1858 2007 1940; x_wconf 85' lang='lat' dir='ltr'>singula</span> <span class='ocrx_word' id='word_1_136' title='bbox 2051 1877 2166 1940; x_wconf 89' lang='lat' dir='ltr'>per</span> <span class='ocrx_word' id='word_1_137' title='bbox 2211 1877 2281 1923; x_wconf 92' lang='lat' dir='ltr'>se</span> <span class='ocrx_word' id='word_1_138' title='bbox 2326 1858 2391 1922; x_wconf 92' lang='lat' dir='ltr'>in</span> <span class='ocrx_word' id='word_1_139' title='bbox 2438 1877 2581 1941; x_wconf 91' lang='lat' dir='ltr'>pro-</span> 
     </span>
     <span class='ocr_line' id='line_1_16' title="bbox 263 1958 2584 2045; baseline 0.001 -20"><span class='ocrx_word' id='word_1_140' title='bbox 263 1961 566 2045; x_wconf 90' lang='lat' dir='ltr'>portione</span> <span class='ocrx_word' id='word_1_141' title='bbox 599 1959 878 2042; x_wconf 89' lang='lat' dir='ltr'>quadam</span> <span class='ocrx_word' id='word_1_142' title='bbox 910 1958 1156 2033; x_wconf 89' lang='lat' dir='ltr'>insint¹)</span> <span class='ocrx_word' id='word_1_143' title='bbox 1186 1979 1417 2042; x_wconf 89' lang='lat' dir='ltr'>neque,</span> <span class='ocrx_word' id='word_1_144' title='bbox 1452 1966 1521 2025; x_wconf 94' lang='lat' dir='ltr'>ut</span> <span class='ocrx_word' id='word_1_145' title='bbox 1550 1979 1746 2043; x_wconf 89' lang='lat' dir='ltr'>supra</span> <span class='ocrx_word' id='word_1_146' title='bbox 1775 1958 2130 2042; x_wconf 75' lang='lat' dir='ltr'>docuimuS,</span> <span class='ocrx_word' id='word_1_147' title='bbox 2161 1961 2271 2044; x_wconf 84' lang='lat' dir='ltr'>ita,</span> <span class='ocrx_word' id='word_1_148' title='bbox 2319 1966 2389 2026; x_wconf 93' lang='lat' dir='ltr'>ut</span> <span class='ocrx_word' id='word_1_149' title='bbox 2417 1961 2584 2029; x_wconf 91' lang='lat' dir='ltr'>inter</span> 
     </span>
     <span class='ocr_line' id='line_1_17' title="bbox 265 2062 2580 2147; baseline 0.001 -18"><span class='ocrx_word' id='word_1_150' title='bbox 265 2082 343 2129; x_wconf 93' lang='lat' dir='ltr'>se</span> <span class='ocrx_word' id='word_1_151' title='bbox 388 2068 724 2128; x_wconf 89' lang='lat' dir='ltr'>teneantur</span> <span class='ocrx_word' id='word_1_152' title='bbox 766 2063 1213 2147; x_wconf 88' lang='lat' dir='ltr'>proportione,</span> <span class='ocrx_word' id='word_1_153' title='bbox 1274 2069 1489 2128; x_wconf 89' lang='lat' dir='ltr'>tamen</span> <span class='ocrx_word' id='word_1_154' title='bbox 1535 2064 1604 2128; x_wconf 91' lang='lat' dir='ltr'>in</span> <span class='ocrx_word' id='word_1_155' title='bbox 1647 2063 2140 2129; x_wconf 87' lang='lat' dir='ltr'>irrationalitate</span> <span class='ocrx_word' id='word_1_156' title='bbox 2193 2083 2270 2129; x_wconf 91' lang='lat' dir='ltr'>eo</span> <span class='ocrx_word' id='word_1_157' title='bbox 2317 2062 2580 2131; x_wconf 91' lang='lat' dir='ltr'>descen-</span> 
     </span>
     <span class='ocr_line' id='line_1_18' title="bbox 267 2164 2581 2250; baseline 0.001 -20"><span class='ocrx_word' id='word_1_158' title='bbox 267 2166 448 2231; x_wconf 90' lang='lat' dir='ltr'>disse</span> <span class='ocrx_word' id='word_1_159' title='bbox 475 2165 932 2231; x_wconf 87' lang='lat' dir='ltr'>Aristoxenum</span> <span class='ocrx_word' id='word_1_160' title='bbox 952 2171 1250 2250; x_wconf 88' lang='lat' dir='ltr'>putemus</span> <span class='ocrx_word' id='word_1_161' title='bbox 1266 2164 1299 2229; x_wconf 77' lang='lat'>⁸?</span> <span class='ocrx_word' id='word_1_162' title='bbox 1342 2165 1575 2231; x_wconf 87' lang='lat' dir='ltr'>Nonne</span> <span class='ocrx_word' id='word_1_163' title='bbox 1602 2165 1960 2231; x_wconf 79' lang='lat' dir='ltr'>doctrinam</span> <span class='ocrx_word' id='word_1_164' title='bbox 1993 2185 2176 2233; x_wconf 86' lang='lat' dir='ltr'>suam</span> <span class='ocrx_word' id='word_1_165' title='bbox 2199 2167 2390 2232; x_wconf 91' lang='lat' dir='ltr'>rebus</span> <span class='ocrx_word' id='word_1_166' title='bbox 2421 2167 2581 2250; x_wconf 89' lang='lat' dir='ltr'>ipsis</span> 
     </span>
     <span class='ocr_line' id='line_1_19' title="bbox 264 2266 2580 2351; baseline 0.001 -18"><span class='ocrx_word' id='word_1_167' title='bbox 264 2266 439 2333; x_wconf 87' lang='lat' dir='ltr'>adeo</span> <span class='ocrx_word' id='word_1_168' title='bbox 468 2286 597 2332; x_wconf 92' lang='lat' dir='ltr'>non</span> <span class='ocrx_word' id='word_1_169' title='bbox 631 2266 1003 2333; x_wconf 79' lang='lat' dir='ltr'>satisfacere</span> <span class='ocrx_word' id='word_1_170' title='bbox 1035 2268 1480 2351; x_wconf 84' lang='lat' dir='ltr'>concessisset,</span> <span class='ocrx_word' id='word_1_171' title='bbox 1526 2275 1597 2333; x_wconf 93' lang='lat' dir='ltr'>ut</span> <span class='ocrx_word' id='word_1_172' title='bbox 1626 2267 1712 2332; x_wconf 89' lang='lat' dir='ltr'>ad</span> <span class='ocrx_word' id='word_1_173' title='bbox 1743 2267 2262 2334; x_wconf 87' lang='lat' dir='ltr'>adversariorum</span> <span class='ocrx_word' id='word_1_174' title='bbox 2298 2269 2580 2335; x_wconf 91' lang='lat' dir='ltr'>rationes</span> 
     </span>
     <span class='ocr_line' id='line_1_20' title="bbox 264 2367 2580 2453; baseline 0 -18"><span class='ocrx_word' id='word_1_175' title='bbox 264 2367 619 2451; x_wconf 84' lang='lat' dir='ltr'>confugere</span> <span class='ocrx_word' id='word_1_176' title='bbox 665 2368 1050 2452; x_wconf 76' lang='lat' dir='ltr'>cogeretur?</span> <span class='ocrx_word' id='word_1_177' title='bbox 1124 2368 1211 2433; x_wconf 89' lang='lat' dir='ltr'>At</span> <span class='ocrx_word' id='word_1_178' title='bbox 1254 2368 1386 2435; x_wconf 91' lang='lat' dir='ltr'>tale</span> <span class='ocrx_word' id='word_1_179' title='bbox 1430 2369 1782 2451; x_wconf 86' lang='lat' dir='ltr'>quidquam</span> <span class='ocrx_word' id='word_1_180' title='bbox 1830 2389 1957 2434; x_wconf 89' lang='lat' dir='ltr'>non</span> <span class='ocrx_word' id='word_1_181' title='bbox 1990 2388 2132 2434; x_wconf 89' lang='lat' dir='ltr'>esse</span> <span class='ocrx_word' id='word_1_182' title='bbox 2163 2370 2400 2435; x_wconf 86' lang='lat' dir='ltr'>factum</span> <span class='ocrx_word' id='word_1_183' title='bbox 2432 2390 2580 2453; x_wconf 85' lang='lat' dir='ltr'>cog-</span> 
     </span>
     <span class='ocr_line' id='line_1_21' title="bbox 262 2471 2580 2556; baseline 0 -19"><span class='ocrx_word' id='word_1_184' title='bbox 262 2491 537 2539; x_wconf 88' lang='lat' dir='ltr'>noscere</span> <span class='ocrx_word' id='word_1_185' title='bbox 581 2471 765 2537; x_wconf 92' lang='lat' dir='ltr'>licuit</span> <span class='ocrx_word' id='word_1_186' title='bbox 809 2472 916 2539; x_wconf 88' lang='lat' dir='ltr'>vel</span> <span class='ocrx_word' id='word_1_187' title='bbox 960 2471 1112 2538; x_wconf 90' lang='lat' dir='ltr'>inde</span> <span class='ocrx_word' id='word_1_188' title='bbox 1158 2471 1333 2555; x_wconf 92' lang='lat' dir='ltr'>quod</span> <span class='ocrx_word' id='word_1_189' title='bbox 1363 2473 1819 2539; x_wconf 89' lang='lat' dir='ltr'>canonicorum</span> <span class='ocrx_word' id='word_1_190' title='bbox 1862 2473 2310 2556; x_wconf 88' lang='lat' dir='ltr'>proportiones</span> <span class='ocrx_word' id='word_1_191' title='bbox 2357 2473 2422 2537; x_wconf 91' lang='lat' dir='ltr'>in</span> <span class='ocrx_word' id='word_1_192' title='bbox 2468 2493 2580 2538; x_wconf 90' lang='lat' dir='ltr'>nu-</span> 
     </span>
     <span class='ocr_line' id='line_1_22' title="bbox 264 2566 2580 2659; baseline 0 -19"><span class='ocrx_word' id='word_1_193' title='bbox 264 2577 467 2640; x_wconf 90' lang='lat' dir='ltr'>meris</span> <span class='ocrx_word' id='word_1_194' title='bbox 501 2575 750 2658; x_wconf 87' lang='lat' dir='ltr'>positas</span> <span class='ocrx_word' id='word_1_195' title='bbox 780 2575 940 2641; x_wconf 91' lang='lat' dir='ltr'>dicit</span> <span class='ocrx_word' id='word_1_196' title='bbox 985 2571 1220 2658; x_wconf 77' lang='grc' dir='ltr'><em>λόγους</em></span> <span class='ocrx_word' id='word_1_197' title='bbox 1261 2569 1451 2650; x_wconf 81' lang='grc' dir='ltr'><em>τινὰς</em></span> <span class='ocrx_word' id='word_1_198' title='bbox 1496 2566 1814 2656; x_wconf 74' lang='grc' dir='ltr'><em>ἀριθμῶν</em></span> <span class='ocrx_word' id='word_1_199' title='bbox 1861 2575 1966 2649; x_wconf 86' lang='lat' dir='ltr'>(cf.</span> <span class='ocrx_word' id='word_1_200' title='bbox 1999 2575 2262 2641; x_wconf 89' lang='lat' dir='ltr'>Aristot.</span> <span class='ocrx_word' id='word_1_201' title='bbox 2293 2574 2580 2659; x_wconf 89' lang='lat' dir='ltr'>Metaph.</span> 
     </span>
     <span class='ocr_line' id='line_1_23' title="bbox 259 2669 2579 2764; baseline 0 -22"><span class='ocrx_word' id='word_1_202' title='bbox 259 2677 380 2743; x_wconf 85' lang='lat' dir='ltr'>A9</span> <span class='ocrx_word' id='word_1_203' title='bbox 406 2695 467 2759; x_wconf 89' lang='lat' dir='ltr'>p.</span> <span class='ocrx_word' id='word_1_204' title='bbox 485 2679 603 2741; x_wconf 83' lang='lat'>991</span> <span class='ocrx_word' id='word_1_205' title='bbox 625 2678 668 2743; x_wconf 92' lang='lat' dir='ltr'>b</span> <span class='ocrx_word' id='word_1_206' title='bbox 697 2680 802 2743; x_wconf 86' lang='lat'>13:</span> <span class='ocrx_word' id='word_1_207' title='bbox 839 2673 1026 2760; x_wconf 77' lang='grc' dir='ltr'><em>λόγοι</em></span> <span class='ocrx_word' id='word_1_208' title='bbox 1059 2669 1394 2760; x_wconf 74' lang='grc' dir='ltr'>ἀριθμῶν,</span> <span class='ocrx_word' id='word_1_209' title='bbox 1427 2673 1570 2741; x_wconf 83' lang='grc' dir='ltr'><em>οἶον</em></span> <span class='ocrx_word' id='word_1_210' title='bbox 1602 2671 1641 2763; x_wconf 83' lang='grc' dir='ltr'>ἡ</span> <span class='ocrx_word' id='word_1_211' title='bbox 1668 2681 2026 2764; x_wconf 83' lang='grc' dir='ltr'><em>συμφωνία</em></span> <span class='ocrx_word' id='word_1_212' title='bbox 2050 2683 2116 2744; x_wconf 87' lang='lat' dir='ltr'>et</span> <span class='ocrx_word' id='word_1_213' title='bbox 2134 2678 2251 2744; x_wconf 85' lang='lat' dir='ltr'>N5</span> <span class='ocrx_word' id='word_1_214' title='bbox 2275 2699 2339 2762; x_wconf 91' lang='lat' dir='ltr'>p.</span> <span class='ocrx_word' id='word_1_215' title='bbox 2361 2679 2579 2744; x_wconf 84' lang='lat' dir='ltr'>1092b</span> 
     </span>
     <span class='ocr_line' id='line_1_24' title="bbox 265 2771 2579 2865; baseline 0 -22"><span class='ocrx_word' id='word_1_216' title='bbox 265 2784 380 2845; x_wconf 87' lang='lat'>14:</span> <span class='ocrx_word' id='word_1_217' title='bbox 427 2776 620 2863; x_wconf 79' lang='grc' dir='ltr'><strong><em>λόγος</em></strong></span> <span class='ocrx_word' id='word_1_218' title='bbox 649 2772 687 2863; x_wconf 80' lang='grc' dir='ltr'><strong><em>ἦ</em></strong></span> <span class='ocrx_word' id='word_1_219' title='bbox 723 2782 1082 2865; x_wconf 83' lang='grc' dir='ltr'><em>συμφωνία</em></span> <span class='ocrx_word' id='word_1_220' title='bbox 1114 2771 1470 2862; x_wconf 77' lang='grc' dir='ltr'><em>ἀριθμῶν),</em></span> <span class='ocrx_word' id='word_1_221' title='bbox 1519 2778 1602 2846; x_wconf 88' lang='lat' dir='ltr'>de</span> <span class='ocrx_word' id='word_1_222' title='bbox 1633 2781 1766 2848; x_wconf 81' lang='lat' dir='ltr'>suis</span> <span class='ocrx_word' id='word_1_223' title='bbox 1796 2801 1951 2847; x_wconf 85' lang='lat' dir='ltr'>vero</span> <span class='ocrx_word' id='word_1_224' title='bbox 1980 2776 2150 2844; x_wconf 83' lang='grc' dir='ltr'><strong><em>κατὰ</em></strong></span> <span class='ocrx_word' id='word_1_225' title='bbox 2185 2776 2379 2855; x_wconf 79' lang='grc' dir='ltr'><strong><em>τοὺς</em></strong></span> <span class='ocrx_word' id='word_1_226' title='bbox 2421 2781 2529 2843; x_wconf 87' lang='grc' dir='ltr'>τῶ</span> <span class='ocrx_word' id='word_1_227' title='bbox 2547 2806 2579 2844; x_wconf 85' lang='grc' dir='ltr'><em>ν</em></span> 
     </span>
     <span class='ocr_line' id='line_1_25' title="bbox 263 2874 2581 2967; baseline 0.003 -23"><span class='ocrx_word' id='word_1_228' title='bbox 263 2874 588 2965; x_wconf 76' lang='grc' dir='ltr'><em>ἀριθμῶν</em></span> <span class='ocrx_word' id='word_1_229' title='bbox 617 2877 822 2962; x_wconf 88' lang='grc' dir='ltr'><em>μόνον</em></span> <span class='ocrx_word' id='word_1_230' title='bbox 855 2879 1122 2965; x_wconf 83' lang='grc' dir='ltr'>λόγους,·</span> <span class='ocrx_word' id='word_1_231' title='bbox 1153 2882 1327 2965; x_wconf 91' lang='lat' dir='ltr'>quod</span> <span class='ocrx_word' id='word_1_232' title='bbox 1352 2882 1545 2948; x_wconf 85' lang='lat' dir='ltr'>vertit</span> <span class='ocrx_word' id='word_1_233' title='bbox 1566 2881 2009 2966; x_wconf 89' lang='lat' dir='ltr'>Westphalius</span> <span class='ocrx_word' id='word_1_234' title='bbox 2040 2887 2126 2967; x_wconf 92' lang='lat' dir='ltr'>(p.</span> <span class='ocrx_word' id='word_1_235' title='bbox 2156 2886 2331 2962; x_wconf 87' lang='lat'>137):</span> <span class='ocrx_word' id='word_1_236' title='bbox 2363 2882 2581 2967; x_wconf 93' lang='lat' dir='ltr'>„bloss</span> 
     </span>
     <span class='ocr_line' id='line_1_26' title="bbox 262 2980 2579 3068; baseline -0 -18"><span class='ocrx_word' id='word_1_237' title='bbox 262 2984 402 3051; x_wconf 88' lang='lat' dir='ltr'>den</span> <span class='ocrx_word' id='word_1_238' title='bbox 430 2982 1157 3051; x_wconf 80' lang='lat' dir='ltr'>Zahlenverh’altnissen</span> <span class='ocrx_word' id='word_1_239' title='bbox 1203 2980 1432 3067; x_wconf 88' lang='lat' dir='ltr'>nach“,</span> <span class='ocrx_word' id='word_1_240' title='bbox 1482 2983 1723 3051; x_wconf 82' lang='lat' dir='ltr'>Caesar</span> <span class='ocrx_word' id='word_1_241' title='bbox 1752 3005 1816 3068; x_wconf 93' lang='lat' dir='ltr'>p.</span> <span class='ocrx_word' id='word_1_242' title='bbox 1854 2989 2010 3051; x_wconf 85' lang='lat'>144:</span> <span class='ocrx_word' id='word_1_243' title='bbox 2057 2984 2301 3068; x_wconf 83' lang='lat' dir='ltr'>„durch</span> <span class='ocrx_word' id='word_1_244' title='bbox 2334 2984 2579 3051; x_wconf 85' lang='lat' dir='ltr'>Zahlen</span> 
     </span>
     <span class='ocr_line' id='line_1_27' title="bbox 258 3080 2580 3174; baseline 0 -22"><span class='ocrx_word' id='word_1_245' title='bbox 258 3080 674 3169; x_wconf 86' lang='lat' dir='ltr'>gemessen.“</span> <span class='ocrx_word' id='word_1_246' title='bbox 761 3083 944 3164; x_wconf 82' lang='lat' dir='ltr'>Quae</span> <span class='ocrx_word' id='word_1_247' title='bbox 976 3086 1030 3153; x_wconf 90' lang='lat' dir='ltr'>si</span> <span class='ocrx_word' id='word_1_248' title='bbox 1062 3086 1261 3152; x_wconf 88' lang='lat' dir='ltr'>verbo</span> <span class='ocrx_word' id='word_1_249' title='bbox 1292 3091 1477 3152; x_wconf 89' lang='lat' dir='ltr'>tenus</span> <span class='ocrx_word' id='word_1_250' title='bbox 1510 3092 1764 3152; x_wconf 85' lang='lat' dir='ltr'>vertere</span> <span class='ocrx_word' id='word_1_251' title='bbox 1797 3086 2151 3154; x_wconf 87' lang='lat' dir='ltr'>voluissent</span> <span class='ocrx_word' id='word_1_252' title='bbox 2188 3085 2422 3174; x_wconf 78' lang='lat' dir='ltr'>(„th</span> <span class='ocrx_word' id='word_1_253' title='bbox 2454 3085 2580 3152; x_wconf 91' lang='lat' dir='ltr'>den</span> 
     </span>
     <span class='ocr_line' id='line_1_28' title="bbox 259 3184 2580 3273; baseline -0 -20"><span class='ocrx_word' id='word_1_254' title='bbox 259 3187 754 3255; x_wconf 81' lang='lat' dir='ltr'>Verh&#39;altnissen</span> <span class='ocrx_word' id='word_1_255' title='bbox 798 3187 938 3254; x_wconf 90' lang='lat' dir='ltr'>der</span> <span class='ocrx_word' id='word_1_256' title='bbox 968 3184 1301 3273; x_wconf 89' lang='lat' dir='ltr'>Zahlen“),</span> <span class='ocrx_word' id='word_1_257' title='bbox 1346 3189 1565 3255; x_wconf 89' lang='lat' dir='ltr'>nescio</span> <span class='ocrx_word' id='word_1_258' title='bbox 1613 3209 1695 3254; x_wconf 90' lang='lat' dir='ltr'>an</span> <span class='ocrx_word' id='word_1_259' title='bbox 1742 3190 1806 3254; x_wconf 90' lang='lat' dir='ltr'>in</span> <span class='ocrx_word' id='word_1_260' title='bbox 1839 3189 2318 3272; x_wconf 89' lang='lat' dir='ltr'>interpretando</span> <span class='ocrx_word' id='word_1_261' title='bbox 2365 3189 2580 3254; x_wconf 88' lang='lat' dir='ltr'>statim</span> 
     </span>
     <span class='ocr_line' id='line_1_29' title="bbox 255 3282 2580 3374; baseline -0.003 -16"><span class='ocrx_word' id='word_1_262' title='bbox 255 3291 647 3357; x_wconf 89' lang='lat' dir='ltr'>haesitaturi</span> <span class='ocrx_word' id='word_1_263' title='bbox 704 3291 957 3357; x_wconf 86' lang='lat' dir='ltr'>fuerint.</span> <span class='ocrx_word' id='word_1_264' title='bbox 1044 3292 1257 3373; x_wconf 90' lang='lat' dir='ltr'>Atque</span> <span class='ocrx_word' id='word_1_265' title='bbox 1305 3292 1608 3374; x_wconf 91' lang='lat' dir='ltr'>quoniam</span> <span class='ocrx_word' id='word_1_266' title='bbox 1653 3290 2077 3357; x_wconf 82' lang='lat' dir='ltr'>Aristoxenus</span> <span class='ocrx_word' id='word_1_267' title='bbox 2136 3297 2200 3356; x_wconf 92' lang='lat' dir='ltr'>et</span> <span class='ocrx_word' id='word_1_268' title='bbox 2245 3282 2580 3371; x_wconf 73' lang='grc' dir='ltr'><em>ἀριθμοὺς</em></span> 
     </span>
    </p>
   </div>
   <div class='ocr_carea' id='block_1_3' title="bbox 346 3403 617 3410">
    <p class='ocr_par' dir='ltr' id='par_1_3' title="bbox 346 3403 617 3410">
     <span class='ocr_line' id='line_1_30' title="bbox 346 3403 617 3410; baseline 0 1550"><span class='ocrx_word' id='word_1_269' title='bbox 346 3403 617 3410; x_wconf 95' lang='lat' dir='ltr'> </span> 
     </span>
    </p>
   </div>
   <div class='ocr_carea' id='block_1_4' title="bbox 245 3440 2583 4192">
    <p class='ocr_par' dir='ltr' id='par_1_4' title="bbox 245 3440 2583 4192">
     <span class='ocr_line' id='line_1_31' title="bbox 442 3440 2579 3511; baseline 0.001 -18"><span class='ocrx_word' id='word_1_270' title='bbox 442 3444 491 3505; x_wconf 95' lang='grc'><strong><em>1)</em></strong></span> <span class='ocrx_word' id='word_1_271' title='bbox 527 3441 612 3494; x_wconf 84' lang='lat' dir='ltr'>Ac</span> <span class='ocrx_word' id='word_1_272' title='bbox 646 3455 715 3494; x_wconf 91' lang='lat' dir='ltr'>ne</span> <span class='ocrx_word' id='word_1_273' title='bbox 750 3441 1053 3511; x_wconf 76' lang='lat' dir='ltr'>symphona</span> <span class='ocrx_word' id='word_1_274' title='bbox 1088 3440 1301 3509; x_wconf 89' lang='lat' dir='ltr'>quidem</span> <span class='ocrx_word' id='word_1_275' title='bbox 1350 3441 1633 3496; x_wconf 82' lang='lat' dir='ltr'>intervalla</span> <span class='ocrx_word' id='word_1_276' title='bbox 1669 3440 2028 3495; x_wconf 84' lang='lat' dir='ltr'>Aristoxenus</span> <span class='ocrx_word' id='word_1_277' title='bbox 2076 3440 2359 3495; x_wconf 88' lang='lat' dir='ltr'>constituit</span> <span class='ocrx_word' id='word_1_278' title='bbox 2391 3455 2579 3495; x_wconf 90' lang='lat' dir='ltr'>nume-</span> 
     </span>
     <span class='ocr_line' id='line_1_32' title="bbox 252 3525 2581 3596; baseline -0.001 -15"><span class='ocrx_word' id='word_1_279' title='bbox 252 3542 451 3583; x_wconf 89' lang='lat' dir='ltr'>rorum</span> <span class='ocrx_word' id='word_1_280' title='bbox 476 3525 855 3595; x_wconf 86' lang='lat' dir='ltr'>proportiones</span> <span class='ocrx_word' id='word_1_281' title='bbox 881 3528 1119 3590; x_wconf 85' lang='lat' dir='ltr'>secutus,</span> <span class='ocrx_word' id='word_1_282' title='bbox 1155 3526 1250 3580; x_wconf 89' lang='lat' dir='ltr'>sed</span> <span class='ocrx_word' id='word_1_283' title='bbox 1274 3527 1445 3580; x_wconf 89' lang='lat' dir='ltr'>solam</span> <span class='ocrx_word' id='word_1_284' title='bbox 1468 3526 1801 3594; x_wconf 88' lang='lat' dir='ltr'>voluptatem</span> <span class='ocrx_word' id='word_1_285' title='bbox 1828 3540 1858 3580; x_wconf 91' lang='lat' dir='ltr'>e</span> <span class='ocrx_word' id='word_1_286' title='bbox 1882 3541 2137 3580; x_wconf 90' lang='lat' dir='ltr'>sonorum</span> <span class='ocrx_word' id='word_1_287' title='bbox 2162 3525 2581 3596; x_wconf 88' lang='lat' dir='ltr'>symphonorum</span> 
     </span>
     <span class='ocr_line' id='line_1_33' title="bbox 252 3606 2582 3681; baseline 0.001 -14"><span class='ocrx_word' id='word_1_288' title='bbox 252 3615 539 3668; x_wconf 88' lang='lat' dir='ltr'>concentu</span> <span class='ocrx_word' id='word_1_289' title='bbox 584 3615 774 3666; x_wconf 85' lang='lat' dir='ltr'>ortam.</span> <span class='ocrx_word' id='word_1_290' title='bbox 845 3612 1037 3680; x_wconf 87' lang='lat' dir='ltr'>Itaque</span> <span class='ocrx_word' id='word_1_291' title='bbox 1084 3611 1227 3680; x_wconf 89' lang='lat' dir='ltr'>quod</span> <span class='ocrx_word' id='word_1_292' title='bbox 1261 3611 1473 3665; x_wconf 87' lang='lat' dir='ltr'>Psellus</span> <span class='ocrx_word' id='word_1_293' title='bbox 1517 3613 1546 3678; x_wconf 64' lang='grc' dir='ltr'><strong>ξ</strong></span> <span class='ocrx_word' id='word_1_294' title='bbox 1575 3617 1634 3664; x_wconf 89' lang='grc'><strong><em>11</em></strong></span> <span class='ocrx_word' id='word_1_295' title='bbox 1684 3610 1841 3666; x_wconf 85' lang='lat' dir='ltr'>dicit:</span> <span class='ocrx_word' id='word_1_296' title='bbox 1892 3606 2012 3667; x_wconf 77' lang='grc' dir='ltr'><em>ἐστι</em></span> <span class='ocrx_word' id='word_1_297' title='bbox 2048 3611 2107 3667; x_wconf 80' lang='grc' dir='ltr'>δὲ</span> <span class='ocrx_word' id='word_1_298' title='bbox 2140 3616 2238 3668; x_wconf 86' lang='grc' dir='ltr'>καὶ</span> <span class='ocrx_word' id='word_1_299' title='bbox 2272 3608 2335 3667; x_wconf 83' lang='grc' dir='ltr'>ἐν</span> <span class='ocrx_word' id='word_1_300' title='bbox 2370 3615 2441 3681; x_wconf 80' lang='grc' dir='ltr'>τῇ</span> <span class='ocrx_word' id='word_1_301' title='bbox 2476 3615 2582 3669; x_wconf 86' lang='grc' dir='ltr'>τοῦ</span> 
     </span>
     <span class='ocr_line' id='line_1_34' title="bbox 252 3686 2583 3772; baseline -0.001 -18"><span class='ocrx_word' id='word_1_302' title='bbox 252 3698 494 3772; x_wconf 72' lang='grc' dir='ltr'><em>ῥυθμοῦ</em></span> <span class='ocrx_word' id='word_1_303' title='bbox 537 3691 702 3767; x_wconf 79' lang='grc' dir='ltr'><em>φύσει</em></span> <span class='ocrx_word' id='word_1_304' title='bbox 740 3690 772 3752; x_wconf 82' lang='grc' dir='ltr'><em>ὃ</em></span> <span class='ocrx_word' id='word_1_305' title='bbox 810 3692 1050 3762; x_wconf 79' lang='grc' dir='ltr'><em>ποδικὸς</em></span> <span class='ocrx_word' id='word_1_306' title='bbox 1097 3693 1272 3769; x_wconf 82' lang='grc' dir='ltr'><strong><em>λόγος</em></strong></span> <span class='ocrx_word' id='word_1_307' title='bbox 1320 3686 1529 3769; x_wconf 79' lang='grc' dir='ltr'><em>ὧσπερ</em></span> <span class='ocrx_word' id='word_1_308' title='bbox 1566 3695 1632 3752; x_wconf 77' lang='grc' dir='ltr'>ἐν</span> <span class='ocrx_word' id='word_1_309' title='bbox 1672 3700 1743 3768; x_wconf 80' lang='grc' dir='ltr'>τῇ</span> <span class='ocrx_word' id='word_1_310' title='bbox 1789 3700 1894 3753; x_wconf 83' lang='grc' dir='ltr'>τοῦ</span> <span class='ocrx_word' id='word_1_311' title='bbox 1937 3690 2306 3770; x_wconf 79' lang='grc' dir='ltr'>ἡρμοσμένου</span> <span class='ocrx_word' id='word_1_312' title='bbox 2340 3691 2409 3753; x_wconf 83' lang='grc' dir='ltr'>τὸ</span> <span class='ocrx_word' id='word_1_313' title='bbox 2445 3693 2583 3766; x_wconf 78' lang='grc' dir='ltr'><em>σύμ-</em></span> 
     </span>
     <span class='ocr_line' id='line_1_35' title="bbox 250 3781 2580 3855; baseline -0.001 -16"><span class='ocrx_word' id='word_1_314' title='bbox 250 3801 485 3855; x_wconf 84' lang='grc' dir='ltr'><em>φωνον,</em></span> <span class='ocrx_word' id='word_1_315' title='bbox 519 3781 573 3834; x_wconf 89' lang='lat' dir='ltr'>id</span> <span class='ocrx_word' id='word_1_316' title='bbox 608 3787 961 3850; x_wconf 88' lang='lat' dir='ltr'>praeceptum</span> <span class='ocrx_word' id='word_1_317' title='bbox 997 3798 1106 3836; x_wconf 90' lang='lat' dir='ltr'>non</span> <span class='ocrx_word' id='word_1_318' title='bbox 1143 3781 1488 3836; x_wconf 86' lang='lat' dir='ltr'>referendum</span> <span class='ocrx_word' id='word_1_319' title='bbox 1522 3782 1627 3836; x_wconf 90' lang='lat' dir='ltr'>erit</span> <span class='ocrx_word' id='word_1_320' title='bbox 1650 3782 1720 3835; x_wconf 87' lang='lat' dir='ltr'>ad</span> <span class='ocrx_word' id='word_1_321' title='bbox 1745 3782 2144 3851; x_wconf 85' lang='lat' dir='ltr'>Aristoxenum,</span> <span class='ocrx_word' id='word_1_322' title='bbox 2179 3783 2275 3838; x_wconf 88' lang='lat' dir='ltr'>sed</span> <span class='ocrx_word' id='word_1_323' title='bbox 2309 3784 2379 3837; x_wconf 89' lang='lat' dir='ltr'>ad</span> <span class='ocrx_word' id='word_1_324' title='bbox 2415 3797 2580 3837; x_wconf 91' lang='lat' dir='ltr'>cano-</span> 
     </span>
     <span class='ocr_line' id='line_1_36' title="bbox 249 3864 2580 3936; baseline -0.001 -13"><span class='ocrx_word' id='word_1_325' title='bbox 249 3870 514 3923; x_wconf 86' lang='lat' dir='ltr'>nicorum</span> <span class='ocrx_word' id='word_1_326' title='bbox 550 3864 876 3935; x_wconf 90' lang='lat' dir='ltr'>doctrinam;</span> <span class='ocrx_word' id='word_1_327' title='bbox 915 3882 1090 3936; x_wconf 88' lang='lat' dir='ltr'>neque</span> <span class='ocrx_word' id='word_1_328' title='bbox 1123 3867 1236 3922; x_wconf 85' lang='lat' dir='ltr'>ullo</span> <span class='ocrx_word' id='word_1_329' title='bbox 1270 3868 1388 3922; x_wconf 88' lang='lat' dir='ltr'>iure</span> <span class='ocrx_word' id='word_1_330' title='bbox 1422 3868 1801 3936; x_wconf 87' lang='lat' dir='ltr'>Westphalius</span> <span class='ocrx_word' id='word_1_331' title='bbox 1836 3868 1893 3922; x_wconf 92' lang='lat' dir='ltr'>in</span> <span class='ocrx_word' id='word_1_332' title='bbox 1928 3871 2035 3932; x_wconf 88' lang='lat' dir='ltr'>eis,</span> <span class='ocrx_word' id='word_1_333' title='bbox 2073 3883 2213 3936; x_wconf 91' lang='lat' dir='ltr'>quae</span> <span class='ocrx_word' id='word_1_334' title='bbox 2248 3867 2580 3936; x_wconf 82' lang='lat' dir='ltr'>Porphyrius</span> 
     </span>
     <span class='ocr_line' id='line_1_37' title="bbox 247 3950 2581 4024; baseline -0.001 -16"><span class='ocrx_word' id='word_1_335' title='bbox 247 3960 330 4024; x_wconf 87' lang='lat' dir='ltr'>(p.</span> <span class='ocrx_word' id='word_1_336' title='bbox 364 3955 493 4019; x_wconf 84' lang='lat'>2193</span> <span class='ocrx_word' id='word_1_337' title='bbox 518 3950 647 4020; x_wconf 81' lang='lat' dir='ltr'>Frg.</span> <span class='ocrx_word' id='word_1_338' title='bbox 668 3967 721 4005; x_wconf 88' lang='lat' dir='ltr'>u.</span> <span class='ocrx_word' id='word_1_339' title='bbox 742 3951 964 4008; x_wconf 87' lang='lat' dir='ltr'>Lehrss.</span> <span class='ocrx_word' id='word_1_340' title='bbox 992 3968 1047 4021; x_wconf 88' lang='lat' dir='ltr'>p.</span> <span class='ocrx_word' id='word_1_341' title='bbox 1076 3957 1263 4018; x_wconf 79' lang='lat'>46,15)</span> <span class='ocrx_word' id='word_1_342' title='bbox 1288 3968 1319 4008; x_wconf 92' lang='lat' dir='ltr'>e</span> <span class='ocrx_word' id='word_1_343' title='bbox 1341 3952 1590 4022; x_wconf 83' lang='lat' dir='ltr'>Dionysii</span> <span class='ocrx_word' id='word_1_344' title='bbox 1618 3953 2117 4008; x_wconf 86' lang='lat' dir='ltr'>Halicarnassensis</span> <span class='ocrx_word' id='word_1_345' title='bbox 2142 3953 2363 4007; x_wconf 89' lang='lat' dir='ltr'>minoris</span> <span class='ocrx_word' id='word_1_346' title='bbox 2387 3953 2581 4007; x_wconf 90' lang='lat' dir='ltr'>musici</span> 
     </span>
     <span class='ocr_line' id='line_1_38' title="bbox 245 4030 2577 4110; baseline -0.001 -17"><span class='ocrx_word' id='word_1_347' title='bbox 245 4039 403 4093; x_wconf 88' lang='lat' dir='ltr'>libro</span> <span class='ocrx_word' id='word_1_348' title='bbox 429 4039 564 4110; x_wconf 81' lang='grc' dir='ltr'><em>περὶ</em></span> <span class='ocrx_word' id='word_1_349' title='bbox 600 4030 963 4108; x_wconf 82' lang='grc' dir='ltr'><em>ὁμοιοτήτων</em></span> <span class='ocrx_word' id='word_1_350' title='bbox 986 4039 1159 4106; x_wconf 81' lang='lat' dir='ltr'>primo</span> <span class='ocrx_word' id='word_1_351' title='bbox 1185 4039 1356 4107; x_wconf 88' lang='lat' dir='ltr'>petiit,</span> <span class='ocrx_word' id='word_1_352' title='bbox 1393 4038 1621 4093; x_wconf 87' lang='lat' dir='ltr'>eandem</span> <span class='ocrx_word' id='word_1_353' title='bbox 1647 4039 2105 4108; x_wconf 85' lang='lat' dir='ltr'>comparationem</span> <span class='ocrx_word' id='word_1_354' title='bbox 2131 4038 2320 4093; x_wconf 88' lang='lat' dir='ltr'>tribuit</span> <span class='ocrx_word' id='word_1_355' title='bbox 2342 4038 2577 4101; x_wconf 88' lang='lat' dir='ltr'>musicis,</span> 
     </span>
     <span class='ocr_line' id='line_1_39' title="bbox 246 4121 2381 4192; baseline -0.001 -14"><span class='ocrx_word' id='word_1_356' title='bbox 246 4126 288 4181; x_wconf 89' lang='lat' dir='ltr'>i.</span> <span class='ocrx_word' id='word_1_357' title='bbox 317 4139 370 4178; x_wconf 88' lang='lat' dir='ltr'>e.</span> <span class='ocrx_word' id='word_1_358' title='bbox 407 4122 800 4190; x_wconf 84' lang='lat' dir='ltr'>Aristoxeneis,</span> <span class='ocrx_word' id='word_1_359' title='bbox 837 4138 960 4177; x_wconf 91' lang='lat' dir='ltr'>cum</span> <span class='ocrx_word' id='word_1_360' title='bbox 995 4122 1051 4176; x_wconf 85' lang='lat' dir='ltr'>in</span> <span class='ocrx_word' id='word_1_361' title='bbox 1088 4121 1239 4177; x_wconf 89' lang='lat' dir='ltr'>libris</span> <span class='ocrx_word' id='word_1_362' title='bbox 1275 4138 1343 4178; x_wconf 85' lang='lat' dir='ltr'>ea</span> <span class='ocrx_word' id='word_1_363' title='bbox 1377 4137 1592 4192; x_wconf 89' lang='lat' dir='ltr'>quoque</span> <span class='ocrx_word' id='word_1_364' title='bbox 1628 4123 1699 4177; x_wconf 86' lang='lat' dir='ltr'>ad</span> <span class='ocrx_word' id='word_1_365' title='bbox 1735 4122 2025 4179; x_wconf 86' lang='lat' dir='ltr'>canonicos</span> <span class='ocrx_word' id='word_1_366' title='bbox 2060 4123 2381 4177; x_wconf 86' lang='lat' dir='ltr'>referantur.</span> 
     </span>
    </p>
   </div>
  </div>
 </body>
</html>
