3177 4960
842 352 924 407 De
958 353 1369 410 irrationalitate
1404 354 1586 410 studia
1621 354 1939 424 rhythmica.
2418 359 2541 418 323

225 530 296 594 in
341 527 489 594 loco
537 527 746 593 minus
803 532 987 610 grato
1031 527 1139 594 vel
1183 528 1384 593 verba
1439 534 1575 594 arte
1635 547 1884 595 conexa
1940 529 2155 596 dirimi
2215 534 2543 601 malebant

227 650 427 716 quam
471 648 732 697 versum
776 648 1083 697 caesurae
1129 630 1386 696 omnino
1446 638 1778 715 expertem
1837 650 1999 700 esse.
2089 633 2302 702 Utitur
2347 636 2541 719 igitur

228 753 491 817 semper
535 734 804 799 caesura
846 751 1089 816 versus,
1134 752 1263 798 non
1308 751 1435 815 quo
1481 739 1749 799 metrum
1796 734 2051 818 longius
2082 755 2386 804 caesurae
2431 758 2541 805 ex-

227 856 380 921 pers
428 836 675 902 minore
720 836 806 902 sit
850 836 1204 919 elegantia,
1258 834 1374 901 sed
1419 836 1574 918 quia
1618 837 1828 920 poscit
1873 857 2023 905 usus
2068 839 2426 925 recitantis,
2474 848 2543 907 ut

226 938 447 1006 medio
505 938 573 1003 in
627 956 819 1005 versu
864 938 1043 1004 locus
1089 937 1305 1021 detur,
1366 938 1478 1003 ubi
1536 958 1666 1004 vox
1719 940 1926 1023 possit
1968 942 2305 1025 respirare.
2396 941 2539 1022 Quo

225 1061 441 1125 neque
489 1042 552 1105 in
597 1041 807 1125 prima
851 1058 1059 1123 neque
1105 1041 1169 1106 in
1202 1041 1388 1107 tertia
1420 1041 1690 1126 syzygia
1720 1061 1880 1126 opus
1914 1048 2029 1126 est,
2076 1045 2377 1126 quoniam
2411 1066 2542 1113 vox

228 1165 309 1212 eo
358 1151 651 1228 tempore
695 1143 904 1221 inani,
951 1142 1126 1226 quod
1170 1144 1337 1210 inter
1380 1163 1603 1210 versus
1649 1144 2019 1229 intercedit,
2066 1151 2308 1212 tantum
2356 1149 2538 1232 spiri-

225 1254 330 1315 tus
378 1249 520 1314 sive
567 1244 781 1312 hausit
824 1246 964 1312 sive
1024 1243 1304 1311 hausura
1348 1251 1478 1329 est,
1538 1251 1607 1311 ut
1660 1246 1992 1314 vocabulis
2039 1248 2540 1334 quadrisyllabis

228 1349 675 1416 maioribusve
731 1346 1221 1433 pronuntiandis
1280 1368 1398 1432 par
1457 1349 1557 1415 sit.
1651 1348 2051 1416 Persuadere
2108 1357 2321 1419 autem
2381 1352 2539 1419 mihi

227 1472 360 1518 non
393 1470 656 1536 possum
702 1451 768 1515 in
800 1451 1256 1535 semiquinaria
1299 1456 1541 1516 tantam
1572 1451 1771 1518 fuisse
1802 1453 2242 1535 respirationis
2275 1475 2539 1539 moram,

225 1562 300 1621 ut
343 1556 412 1619 in
473 1573 551 1620 ea
606 1553 820 1637 posita
876 1558 1046 1619 esset
1099 1553 1262 1619 arsis
1319 1552 1760 1620 antecedentis
1812 1553 2171 1636 productio.
2261 1556 2427 1622 Nam
2486 1558 2541 1623 si

227 1656 588 1725 membrum
634 1653 1170 1739 penthemimeres
1216 1655 1503 1739 legitime
1535 1654 1860 1721 desineret
1890 1657 1954 1721 in
1986 1656 2218 1741 pedem
2262 1657 2539 1725 trochai-

228 1781 377 1829 cum
409 1758 758 1826 accedente
804 1763 1093 1841 tempore
1137 1758 1331 1833 inani,
1376 1758 1610 1840 longae
1655 1764 1870 1824 autem
1907 1777 1986 1824 ea
2015 1779 2185 1843 pars,
2233 1779 2364 1842 qua
2393 1780 2537 1844 pro·

227 1864 441 1931 cerior
471 1867 569 1928 est
596 1860 798 1941 brevi,
846 1861 1138 1943 expleret
1179 1860 1455 1944 spatium
1488 1859 1651 1926 illud
1684 1861 1892 1944 inane,
1939 1861 2344 1945 respirationi
2376 1862 2539 1929 nihil

230 1965 543 2049 temporis
586 1969 876 2030 restaret.
952 1961 1065 2028 Sin
1108 1969 1321 2029 autem
1365 1982 1483 2046 pes
1529 1961 1916 2046 spondaicus
1961 1964 2230 2030 membri
2276 1964 2540 2049 penthe-

228 2067 523 2134 mimeris
568 2066 859 2149 legitima
903 2071 1074 2132 esset
1117 2066 1434 2132 clausula:
1481 2085 1626 2133 cum
1673 2067 1738 2132 in
1770 2065 2141 2134 trochaeum
2175 2066 2427 2153 desinit,
2474 2075 2543 2134 ut

230 2172 406 2238 idem
452 2169 732 2253 spatium
778 2175 1159 2250 servaretur,
1206 2169 1514 2236 orationis
1546 2188 1805 2236 sensum
1834 2169 1923 2234 ibi
1962 2170 2326 2236 intercisum
2376 2190 2540 2253 esse,

230 2278 508 2340 metrum
567 2277 782 2336 autem
840 2271 1178 2338 admittere
1236 2268 1482 2337 hiatum
1543 2277 2049 2356 expectaremus.
2152 2272 2238 2338 At
2296 2272 2538 2339 hiatum

229 2374 382 2441 inde
428 2392 691 2458 prorsus
735 2373 1067 2440 exclusum
1113 2391 1254 2439 esse
1302 2378 1570 2454 constat,
1616 2374 1683 2437 in
1727 2373 1943 2439 multis
1987 2379 2202 2440 autem
2249 2373 2539 2441 versibus

229 2478 435 2546 verba
478 2496 598 2560 per
641 2477 1163 2561 semiquinariam
1212 2474 1529 2543 disiuncta
1586 2482 1726 2541 arte
1770 2473 2165 2542 conectenda
2208 2496 2350 2543 esse
2395 2497 2539 2562 pro·

228 2581 633 2647 nuntiatione
679 2579 913 2646 docent
957 2579 1259 2662 exempla
1303 2598 1498 2662 supra
1541 2578 1762 2661 allata,
1806 2583 2063 2661 praeter
2109 2597 2272 2661 quae
2320 2585 2543 2645 extant

228 2684 434 2750 multa
470 2682 685 2764 etiam,
732 2681 797 2746 in
828 2681 1059 2763 quibus
1091 2701 1234 2748 cum
1267 2687 1413 2765 post
1442 2678 1800 2767 spondeum
1832 2685 1963 2745 tum
1996 2685 2142 2764 post
2171 2679 2539 2747 trochaeum

230 2803 481 2871 pausae
524 2783 703 2849 locus
739 2788 836 2850 est
879 2783 1110 2849 nullus.
1186 2783 1287 2849 An
1335 2802 1490 2849 vero
1535 2783 1603 2846 in
1648 2780 1777 2847 arsi
1814 2782 2057 2864 quinta,
2105 2782 2159 2848 si
2205 2789 2351 2865 post
2396 2801 2539 2849 eam

231 2885 490 2954 accedit
535 2885 976 2967 respirationis
1021 2903 1227 2966 mora,
1281 2884 1477 2967 longa
1521 2884 1787 2951 exclusa
1831 2889 1959 2968 est,
2007 2885 2072 2950 in
2118 2886 2306 2951 tertia
2347 2885 2541 2971 plane

231 2994 460 3057 contra
486 2987 783 3054 accidere
814 2985 1171 3067 credamus,
1204 2992 1273 3051 ut
1304 3004 1380 3052 eo
1412 2986 1715 3054 libentius
1751 2983 2138 3052 adhibeatur
2167 2988 2381 3071 longa,
2415 3007 2540 3071 quo

232 3091 443 3174 magis
489 3090 652 3155 arsis
682 3108 723 3154 a
769 3086 936 3154 thesi
982 3094 1288 3172 sequente
1320 3087 1749 3155 distineatur?
1812 3088 2163 3156 Numerum
2196 3095 2410 3154 autem
2442 3107 2538 3155 se·

232 3192 622 3276 miquinaria
665 3191 1038 3274 interrumpi
1084 3209 1469 3273 versumque
1514 3192 1580 3256 in
1611 3190 1773 3257 duas
1803 3196 2017 3274 partes
2048 3210 2176 3256 non
2207 3189 2540 3255 continuas

233 3293 544 3362 dissecari
591 3313 816 3377 parum
864 3299 962 3360 est
1005 3293 1359 3377 probabile.
1450 3293 1614 3357 Nam
1664 3293 1728 3356 in
1774 3291 2075 3356 trimetris
2120 3290 2286 3354 inter
2329 3307 2399 3355 se
2443 3309 2540 3356 re-

235 3395 702 3482 spondentibus
759 3415 885 3462 non
943 3394 1135 3462 modo
1195 3414 1359 3477 quae
1416 3395 1685 3460 recitata
1729 3391 1959 3474 (Prom.
1995 3394 2117 3456 590
2145 3405 2213 3442 m
2240 3392 2383 3456 610.
2418 3393 2541 3457 592

234 3529 633 3584 Emendatione
668 3531 848 3583 autem
882 3543 995 3583 non
1030 3528 1204 3596 egebit
1236 3544 1283 3586 v.
1322 3526 1473 3581 Pers.
1505 3529 1627 3581 165:
1665 3521 1845 3582 ταῦτά
1880 3543 1982 3594 μοι
2017 3526 2179 3596 διπλῆ
2213 3524 2501 3597 μέριμν(α)
2532 3526 2540 3596 Ι

232 3609 581 3689 (ἐϋφραστός
615 3611 770 3670 ἐστιν
803 3610 866 3669 ἐν
902 3614 1124 3684 φρεσίν.
1196 3611 1401 3667 Eadem
1436 3616 1619 3666 autem
1655 3612 1710 3665 in
1735 3625 1794 3665 re
1828 3609 2066 3679 positum
2102 3614 2204 3677 est,
2240 3611 2384 3681 quod
2421 3626 2540 3667 cae·

236 3714 400 3754 surae
423 3697 647 3763 mediae,
673 3712 811 3766 quae
830 3698 1043 3765 dicitur,
1071 3697 1279 3751 duritas
1302 3696 1503 3751 lenitur
1526 3697 1767 3752 elisione.
1815 3694 2064 3763 Namque
2087 3695 2329 3751 vocalem
2353 3697 2538 3752 elisam

235 3799 346 3839 non
371 3797 599 3853 prorsus
619 3796 956 3850 evanescere,
981 3782 1078 3838 sed
1102 3783 1218 3837 eius
1244 3780 1511 3837 rationem
1536 3781 1729 3837 haberi
1753 3795 1787 3834 a
1810 3779 2003 3850 poetis,
2028 3779 2338 3836 testimonio
2365 3780 2420 3835 id
2444 3785 2544 3845 est,

240 3868 384 3938 quod
419 3868 535 3935 lex,
585 3882 692 3936 qua
736 3867 945 3924 solutas
982 3867 1218 3937 syllabas
1264 3867 1321 3920 in
1355 3865 1520 3921 verba
1566 3866 1675 3921 duo
1712 3882 1822 3921 non
1858 3869 1975 3919 arte
2014 3878 2221 3920 conexa
2255 3865 2542 3935 dispertire

237 3968 345 4008 non
380 3951 522 4019 licet,
559 3957 739 4008 tamen
773 3952 830 4007 in
855 3952 1078 4008 elisione
1113 3951 1302 4007 violari
1335 3950 1573 4007 videtur:
1614 3951 1706 4007 Or.
1733 3954 1861 4004 632.
1900 3930 2092 4012 πόδ(α)
2141 3947 2267 4014 (emi
2306 3953 2542 4025 συννοίᾳ

238 4042 490 4122 κυκλεῖςς
538 4039 927 4094 Bacch.1338:
976 4028 1272 4110 σχήσουσι·
1325 4039 1390 4096 σὲ
1414 4041 1513 4105 asse)
1551 4035 1778 4111 (”;Α)ρης
1827 4035 1946 4091 Hel.
1975 4037 2104 4101 '2933
2144 4034 2306 4103 Vesp.
2334 4039 2398 4089 69
2436 4031 2542 4091 τὸν

238 4105 508 4193 πατέρ(α)
543 4118 821 4191 (em-{tage
847 4129 991 4200 νῷνς
1029 4122 1335 4191 Vesp.967.
1376 4124 1636 4179 Av.1283
1670 4127 1726 4179 et
1762 4123 1896 4178 alias
1933 4119 2078 4189 apud
2104 4119 2536 4186 Aristophanem
