3177 4960
824 360 909 415 De
942 360 1355 415 irrationalitate
1390 358 1570 414 studia
1604 334 1938 429 rhythmicas
2401 361 2525 421 245

206 538 404 605 licuit
447 536 574 602 nisi
619 534 911 619 pluribus
955 533 1245 619 partibus
1292 532 1673 616 propositis,
1734 538 1798 597 et
1843 531 2108 616 ῥυθμοῦ
2153 529 2357 618 φύσις
2400 536 2526 602 nisi

212 642 283 706 in
327 638 626 724 pluribus
671 636 1067 721 temporibus
1111 654 1239 701 non
1284 634 1594 716 cernitur3
1639 632 1833 700 modo
1878 637 2092 719 spatia
2135 637 2389 718 singula
2431 644 2524 703 at·

212 762 343 826 que
390 740 710 821 absoluta,
757 758 899 805 cum
944 743 1008 803 et
1049 732 1126 801 τὸ
1165 731 1335 800 κατὰ
1378 737 1578 818 μέρος
1625 732 1824 821 ῥητὸν
1869 738 2141 821 primum
2188 737 2527 823 μελῳδού-

210 866 440 924 μενον,
487 840 727 909 deinde
769 837 1100 924 γνώριμον
1152 839 1233 924 τῇ
1281 834 1605 922 αἰσθήσει
1650 836 1840 915 633θῖ)
1899 845 1964 905 et
2020 836 2095 904 τὸ
2157 837 2225 905 ἐν
2284 841 2528 928 ῥυθμιῐ

214 941 728 1028 λαμβανόμενον
775 938 973 1027 ῥητόν
1025 942 1301 1025 primum
1343 940 1477 1003 τῶν
1520 938 1917 1005 πιπτόντων
1961 938 2058 1017 εἰς
2100 938 2220 1026 τὴν
2266 943 2527 1028 ῥυθμο-
2628 970 2635 978 ·

212 1050 461 1113 ποιίαν
507 1064 669 1127 esse,
715 1051 847 1111 tum
885 1042 1093 1128 pedis,
1137 1043 1203 1108 in
1236 1061 1363 1125 quo
1394 1042 1579 1126 inest,
1624 1043 1825 1124 μέρος
1870 1040 2068 1130 ῥητὸν
2113 1064 2256 1112 esse
2286 1045 2527 1113 debere

213 1151 328 1216 ait.
427 1148 526 1213 Ac
583 1146 869 1230 profecto
927 1143 1087 1210 nihil
1145 1145 1438 1227 interest,
1500 1145 1804 1227 quoniam
1861 1147 1927 1211 in
1982 1148 2415 1215 rationalitate
2471 1149 2526 1215 si

214 1251 437 1336 spatia
464 1249 680 1334 (μέρη)
711 1248 964 1330 singula
992 1246 1336 1313 rationalia
1366 1252 1531 1328 sunt,
1578 1247 1913 1315 rationalis
1959 1249 2113 1316 item
2160 1251 2281 1316 erit
2316 1241 2526 1334 ἀριθ-

213 1350 367 1434 μός.
457 1352 532 1416 In
576 1351 1065 1417 irrationalitate
1110 1368 1266 1416 vero
1311 1349 1450 1416 sine
1481 1348 1680 1415 dubio
1725 1350 1981 1433 singula
2024 1352 2369 1419 intervalla
2413 1353 2525 1419 mi·

213 1460 408 1538 nuta,
454 1472 620 1537 quae
665 1453 957 1520 doctrina
999 1456 1391 1534 statuuntur,
1447 1457 1511 1517 et
1554 1458 1849 1536 tempora
1893 1451 2165 1536 minuta,
2214 1474 2251 1520 e
2296 1455 2528 1538 quibus

213 1563 516 1640 tempora
558 1557 958 1622 irrationalia
987 1561 1052 1620 et
1082 1561 1375 1621 constare
1420 1561 1484 1621 et
1525 1573 1568 1618 a
1597 1554 2017 1620 rationalibus
2062 1555 2322 1623 differre
2355 1559 2527 1642 cogi·

214 1657 420 1724 tanda
464 1665 629 1741 sunt,
676 1655 1065 1743 significavit
1108 1656 1221 1723 illo
1264 1656 1363 1738 τῷ
1376 1651 1557 1739 1κατὰ
1603 1652 1759 1729 τούς
1801 1657 1934 1719 τῶν
1978 1647 2290 1738 ἀριθμῶν
2320 1657 2528 1741 μόνον

219 1757 461 1844 λόγους
515 1759 713 1846 ῥητῷ.
802 1758 1146 1843 Proposuit
1203 1758 1399 1841 igitur
1442 1757 1867 1825 Aristoxenus
1926 1760 2051 1825 sibi
2108 1761 2322 1826 animo
2368 1762 2436 1838 (i.
2470 1781 2524 1829 e.

217 1859 443 1944 ἔλαβε)
493 1863 727 1929 seriem
771 1858 1007 1942 (τάξιν)
1052 1859 1246 1926 modo
1277 1860 1763 1926 intervallorum
1796 1861 1901 1926 vel
1931 1867 2289 1944 temporum
2335 1866 2527 1932 ratio·

214 1965 486 2048 nalium,
533 1984 726 2047 quam
770 1963 939 2030 dixit
980 1959 1148 2026 κατὰ
1180 1965 1381 2045 μέρος
1427 1959 1626 2047 ῥητόν
1668 1985 1756 2038 τι,
1804 1962 2000 2030 modo
2046 1964 2530 2033 intervallorum

216 2056 668 2153 ἆμελῳδήτων
697 2067 806 2133 vel
840 2072 1199 2149 temporum
1246 2065 1654 2131 minimorum
1698 2066 1763 2130 in
1810 2067 2144 2150 complura
2186 2068 2531 2135 intervalla

215 2168 329 2235 vel
360 2174 653 2253 tempora
696 2169 790 2234 ita
819 2167 1317 2250 dispertitorum‚
1366 2173 1435 2230 ut
1475 2186 1602 2234 uno
1650 2158 2056 2255 ἆμελῳὸήτῳ
2102 2171 2209 2236 vel
2239 2178 2530 2256 tempore

216 2271 488 2337 minimo
550 2270 1013 2338 excederentur
1068 2269 1175 2335 vel
1219 2269 1732 2352 relinquerentur
1787 2271 2131 2337 intervalla
2174 2273 2289 2338 illa
2335 2273 2530 2340 ratio-

216 2373 414 2457 nalia,
463 2392 653 2456 quam
697 2373 930 2440 seriem
976 2371 1143 2438 dixit
1184 2366 1352 2434 κατὰ
1399 2367 1516 2435 τὸν
1558 2372 1679 2435 τοῦ
1725 2363 2026 2456 ἀριθμοῦ
2081 2370 2286 2455 μόνον
2333 2373 2530 2458 λόγον

219 2472 420 2561 ῥητόν
464 2500 553 2541 τι.
642 2474 890 2554 Quibus
937 2466 1393 2558 ἆμελῳδήτοις
1451 2479 1517 2539 et
1558 2472 1848 2557 partibus
1905 2476 2214 2559 temporis
2268 2478 2529 2545 minutis

215 2585 286 2644 ut
334 2578 575 2646 habeat
618 2578 791 2662 quod
836 2584 1139 2663 opponat,
1183 2574 1258 2640 τὸ
1304 2571 1474 2640 κατὰ
1517 2577 1719 2659 μέρος
1765 2572 1964 2662 ῥητὸν
2009 2597 2151 2645 esse
2191 2576 2529 2664 μελῳδού-

217 2704 421 2762 μενον
468 2687 533 2747 et
573 2677 648 2745 τὸ
679 2677 850 2746 κατὰ
893 2677 1013 2767 τὴν
1057 2679 1177 2743 τοῦ
1209 2677 1473 2762 ῥυθμοῦ
1518 2675 1724 2764 φύσιν
1756 2675 1955 2767 ῥητὸν
2001 2699 2143 2748 esse
2186 2686 2322 2745 τῶν
2352 2704 2531 2748 πιπ-

216 2781 476 2849 τόντων
523 2780 619 2860 εἰς
651 2780 769 2871 τὴν
799 2782 1265 2869 ῥυθμοποιίαν
1298 2781 1616 2866 postulat3
1661 2782 1893 2865 quibus
1937 2784 2149 2866 spatia
2192 2785 2533 2853 rationalia

217 2885 538 2969 definivit,
585 2906 714 2953 non
744 2891 1060 2969 quatenus
1102 2883 1446 2950 rationalia
1489 2883 1636 2966 sint,
1683 2882 1797 2949 sed
1845 2891 2157 2967 quatenus
2200 2886 2286 2953 ad
2330 2888 2531 2969 μελο-

218 2992 464 3064 ποιίας
507 2989 616 3055 vel
662 2986 1127 3073 ῥυθμοποιίας
1180 3004 1364 3052 usum
1409 2992 1704 3068 spectant
1747 2992 1812 3052 et
1855 2988 2157 3071 opposita
2198 2995 2345 3054 sunt
2387 3011 2531 3074 par·

398 3194 449 3257 1)
484 3188 636 3244 Nihil
669 3205 797 3245 vero
833 3188 1071 3243 dandum
1107 3190 1193 3242 est
1226 3185 1511 3255 exemplis,
1548 3202 1691 3255 quae
1725 3203 1834 3242 non
1871 3189 1941 3242 ab
1978 3187 2330 3256 Aristoxeno,
2366 3189 2460 3244 sed
2497 3205 2532 3245 a

217 3274 432 3329 lectore
476 3273 657 3342 aliquo
693 3275 907 3329 adiecta
952 3288 1070 3328 esse
1105 3271 1373 3327 videntur.
1445 3273 1716 3342 Suspecta
1762 3273 1902 3327 enim
1939 3278 2067 3327 sunt
2104 3279 2330 3343 propter
2361 3276 2530 3343 parti·

218 3359 374 3414 culas
419 3353 555 3431 ἦτοι
578 3389 642 3398 -
667 3356 716 3432 ἦ.
788 3358 997 3426 Quibus
1044 3359 1153 3413 duo
1197 3371 1396 3425 genera
1442 3358 1848 3413 intervallorum
1894 3357 2239 3412 rationalium
2287 3357 2531 3427 dignosci

218 3444 493 3509 videntur,
526 3443 583 3497 id
618 3443 764 3512 quod
797 3443 856 3497 in
882 3441 1129 3499 doctrina
1161 3441 1523 3497 Aristoxenea
1558 3459 1669 3497 non
1702 3443 1940 3511 positum
1975 3447 2075 3496 est.
2148 3442 2413 3499 Fortasse
2446 3459 2531 3499 re-

220 3528 458 3618 spicitur
494 3527 880 3583 canonicorum
915 3528 1191 3592 doctrina,
1224 3528 1305 3581 ita
1340 3532 1402 3581 ut
1436 3528 1668 3582 alterum
1702 3542 1870 3596 genus
1909 3528 2303 3597 complectatur
2338 3546 2532 3585 conso-

221 3612 444 3668 nantias
481 3615 540 3667 et
572 3617 789 3678 tonum,
842 3613 1054 3667 scilicet
1098 3612 1382 3667 intervalla
1428 3612 1869 3682 proportionibus
1914 3612 2333 3682 simplicioribus
2370 3620 2534 3686 atque

217 3699 410 3768 ntique
459 3697 566 3753 sibi
601 3697 976 3753 constantibus
1013 3696 1259 3764 definita,
1304 3696 1362 3751 in
1398 3698 1570 3753 altero
1620 3704 1799 3752 autem
1842 3697 2015 3753 insint
2049 3712 2401 3769 quaecunque
2434 3717 2535 3770 per

217 3781 671 3838 ratiocinationes
707 3782 1020 3840 derivantur
1058 3798 1125 3837 ex
1147 3782 1272 3838 illis.
1346 3783 1599 3837 Ceterum
1633 3798 1737 3837 vox
1762 3778 2087 3855 σύμμετρος
2113 3799 2277 3839 sensu
2312 3785 2383 3839 ab
2406 3786 2531 3839 Ari-

218 3875 455 3924 stoxeno
500 3868 678 3924 alieno
725 3869 978 3937 usurpari
1012 3867 1243 3924 videtur.
1312 3866 1454 3923 Nam
1490 3882 1556 3921 ex
1592 3870 1708 3923 eius
1745 3869 2016 3923 sententia
2062 3863 2392 3942 σύμμετρόν
2424 3890 2534 3927 τινι

217 3950 379 4029 ἄλλῳ
424 3957 510 4007 est
552 3952 920 4019 intervallum,
968 3952 1016 4007 si
1052 3968 1120 4008 ex
1155 3968 1343 4009 eorum
1380 3953 1761 4010 coniunctione
1793 3953 1857 4008 fit
1891 3956 2127 4024 systema
2158 3955 2441 4021 rationale,
2476 3955 2533 4010 id

219 4038 372 4108 quod
403 4052 479 4094 ne
500 4037 558 4092 in
581 4037 986 4093 irrationalibus
1014 4038 1228 4107 quidem
1262 4039 1453 4109 pycnis
1491 4044 1545 4094 et
1567 4038 1929 4108 hyperechusi
1961 4054 2071 4093 non
2096 4039 2342 4095 accidere
2366 4054 2532 4109 supra

217 4130 293 4194 (p.
320 4125 446 4190 222)
481 4123 843 4192 cognovimus.
