3177 4960
649 363 771 420 222
1598 363 1753 431 nugo
1787 362 1977 417 Jusatz

647 537 741 601 tia
783 536 899 601 illa
927 535 1164 621 pedum
1213 534 1578 625 differentia
1609 535 1692 602 de
1722 535 2000 619 pedibus
2033 543 2097 602 et
2123 538 2299 619 γένει
2345 541 2410 602 et
2438 536 2712 618 μεγέθει
2742 532 2933 598 diver-

650 639 757 720 sis,
787 637 1155 705 documenti
1184 638 1329 704 loco
1362 644 1757 723 proponatur
1787 636 1908 705 hoc
1939 637 2178 722 pedum
2210 638 2375 704 inter
2405 656 2475 704 se
2500 635 2930 717 differentium,

648 759 809 823 quos
863 740 1084 805 statuit
1126 739 1584 824 Aristoxenus,
1644 747 1948 822 stemma,
2009 740 2180 825 quod
2239 741 2561 807 illustrare
2617 760 2696 805 ac
2740 738 2932 804 verbis

648 842 949 925 persequi
992 842 1164 924 nolo,
1209 861 1291 906 ne
1335 848 1534 908 totam
1579 862 1714 908 rem
1761 841 2192 927 rhythmicam
2240 843 2362 909 hac
2397 840 2935 909 dissertatiuncula

649 944 988 1028 complecti
1032 964 1248 1027 cogar.

820 1048 1029 1114 Pedes
1088 1048 1493 1114 irrationales
1540 1047 1749 1114 dictos
1796 1067 1970 1130 esse,
2033 1048 2207 1130 quod
2251 1046 2588 1114 indefinita
2630 1053 2778 1113 sunt
2816 1046 2935 1112 uni·

649 1168 838 1217 versa
882 1171 1102 1216 eorum
1134 1151 1366 1236 spatia,
1412 1150 1694 1233 denique
1724 1157 1998 1236 apparet
2035 1169 2117 1215 ex
2149 1152 2490 1233 postremis
2522 1150 2754 1233 capitis
2783 1148 2934 1213 illius

649 1252 883 1318 verbis.
974 1252 1133 1318 Cum
1181 1254 1354 1318 enim
1411 1252 1497 1317 ad
1542 1252 2130 1335 irrationalitatem,
2189 1255 2343 1315 τίνα
2399 1250 2655 1332 τρόπον
2703 1248 2771 1314 έν
2811 1259 2937 1323 τοῖς

648 1355 810 1438 περὶ
852 1350 1008 1429 τοὺς
1053 1350 1356 1441 ῥυθμοὺς
1403 1351 1846 1436 λαμβάνεται,
1908 1354 2384 1438 explanandam
2431 1354 2823 1436 aberrasset,
2863 1351 2936 1417 ad

649 1456 952 1523 choreum
997 1457 1430 1523 irrationalem
1463 1477 1761 1523 reversus
1806 1456 1971 1523 haec
1999 1456 2184 1522 addit
2213 1477 2275 1541 p.
2308 1460 2455 1541 35‚5
2486 1456 2617 1521 W.:
2668 1450 2937 1540 φανερὸν

651 1555 721 1621 δὲ
767 1554 879 1623 διὰ
925 1560 1061 1622 τῶν
1108 1556 1492 1645 εἰρημένων,
1538 1549 1648 1623 ὅτι
1690 1553 1932 1645 ἡμέση
1983 1558 2330 1644 ληφθεῖσα
2373 1560 2508 1622 τῶν
2552 1551 2813 1639 ἅρσεων
2840 1547 2940 1621 οὐκ

649 1658 839 1725 ἔσται
870 1658 1245 1744 σύμμετρος
1274 1662 1357 1746 τῇ
1386 1658 1624 1743 βάσει·
1674 1651 1866 1725 οὐδὲν
1909 1657 2037 1746 γὰρ
2085 1653 2300 1724 αὐτῶν
2342 1662 2585 1745 μέτρον
2629 1657 2776 1724 ἐστὶ
2818 1682 2938 1723 κοι-

650 1759 766 1827 νὸν
813 1757 1150 1847 εὔρυθμον
1209 1761 1572 1849 (ἔρρυθμον
1617 1769 1858 1829 temere
1902 1762 2385 1847 Westphalius).
2403 1765 2442 1836 ¹)
2532 1762 2706 1828 Infra
2751 1768 2940 1828 autem

649 1865 1022 1932 docebimus
1060 1863 1339 1950 χρόνους
1380 1859 1736 1948 εὔρυθμον,
1785 1863 2178 1952 ῥυθμοειόῆ,
2227 1857 2576 1951 ἇῤῥυθμον
2620 1886 2753 1930 non
2783 1883 2940 1950 spec-

650 1974 788 2034 tare
832 1989 1024 2052 posse
1068 1969 1194 2034 nisi
1240 1968 1323 2033 ad
1370 1975 1664 2052 tempora
1708 1970 2082 2055 composita.
2173 1967 2544 2034 Communis
2579 1969 2778 2050 igitur
2805 1974 2941 2034 tem-

649 2089 874 2154 porum
930 2071 1340 2135 rationalium
1402 2070 1672 2137 duorum
1730 2091 2032 2138 mensura
2089 2064 2423 2154 εὕρυθμος
2482 2091 2613 2137 non
2669 2072 2839 2137 inest
2886 2070 2942 2132 in

648 2179 939 2258 tempore
982 2175 1223 2257 primo,
1283 2193 1491 2256 neque
1538 2175 1599 2239 ei
1646 2176 1948 2259 opposita
2004 2193 2146 2241 esse
2191 2173 2481 2258 putanda
2523 2179 2621 2240 est
2661 2191 2944 2239 mensura

651 2277 1007 2341 communis
1054 2268 1402 2361 ἰίῤῥυθμος
1447 2277 1617 2357 talis,
1662 2284 1734 2341 ut
1764 2277 2084 2359 pertineat
2126 2277 2211 2342 ad
2255 2283 2548 2359 tempora
2590 2276 2804 2359 primo
2845 2274 2943 2340 mi-

649 2398 835 2461 nora3
883 2398 1106 2445 verum
1150 2381 1391 2460 μέτρον
1437 2378 1598 2444 illud
1636 2374 1860 2443 κοινὸν
1906 2381 2118 2445 inesse
2149 2379 2342 2445 debet
2387 2379 2454 2443 in
2485 2384 2620 2444 toto
2650 2376 2943 2462 temporis

650 2484 890 2568 spatio,
953 2503 1079 2566 quo
1123 2480 1325 2549 thesis
1369 2483 1663 2566 areisque
1709 2480 2354 2565 comprehenduntur.
2444 2478 2804 2567 Σύμμετρα
2851 2499 2942 2545 au-

648 2594 776 2653 tem
824 2585 930 2652 hic
961 2586 1089 2652 duo
1134 2586 1345 2670 spatia
1377 2584 1692 2670 dicuntur,
1738 2605 1866 2651 non
1910 2584 2085 2667 quod
2130 2584 2361 2651 eadem
2405 2604 2709 2651 mensura
2755 2589 2945 2650 utatur

650 2697 988 2772 utrumque
1034 2688 1237 2754 semel
1279 2687 1629 2770 pluriesve,
1677 2686 1790 2753 sed
1824 2688 1978 2771 quia
2008 2706 2343 2753 commune
2389 2686 2629 2752 habent
2656 2686 2944 2771 spatium,

651 2789 823 2873 quod
868 2787 1155 2873 rhythmi
1200 2808 1499 2854 mensura
1545 2808 1688 2854 esse
1732 2794 1962 2873 potest.
2056 2788 2301 2853 Eodem
2346 2794 2559 2854 autem
2589 2787 2806 2854 modo
2823 2787 2945 2852 Ari·

651 2897 957 2957 stoxenus
1011 2889 1184 2973 apud
1241 2888 1556 2973 Porphyr.
1617 2910 1680 2973 p,
1725 2892 1849 2954 256
1893 2918 1974 2941 =
2023 2894 2138 2975 40,
2183 2894 2258 2952 21
2298 2890 2431 2955 W.:
2490 2882 2817 2965 ὡσαύτως
2867 2884 2945 2964 δὲ,

650 2994 884 3076 inquit,
942 2992 1053 3055 καὶ
1110 2993 1243 3055 τῶν
1290 2983 1590 3075 ἀπείρων
1650 2989 1875 3078 ἐκείνῳ
1945 2994 2106 3073 (scil.
2164 2993 2261 3076 τῷ
2319 2992 2653 3079 ληφθέντι
2711 2990 2946 3074 πυκνῷ)

649 3090 1109 3181 ὑπερεχόντων
1157 3091 1224 3158 ἕν
1267 3117 1333 3159 τι
1373 3091 1664 3181 λήψεται
1707 3098 1997 3179 μέγεθος
2042 3092 2202 3160 τόδε
2245 3119 2313 3160 τι
2354 3091 2455 3173 (τὸ
2495 3096 2667 3172 libri)
2719 3092 2948 3176 σύμμε-

650 3224 808 3285 τρον
850 3200 949 3284 τῷ
992 3197 1327 3285 ληφθέντι
1371 3199 1621 3281 πυκνῷ.
1712 3194 1976 3263 Πυκνὸν
2021 3200 2214 3284 igitur
2272 3198 2608 3281 quodlibet
2653 3204 2756 3264 est
2802 3193 2949 3277 σύμ-

825 3455 872 3514 1)
909 3450 1059 3517 Quae
1106 3452 1339 3506 fortasse
1373 3452 1432 3505 in
1466 3450 1698 3520 pristino
1730 3450 1871 3505 libro
1909 3452 2263 3505 Aristoxeneo
2312 3450 2497 3504 statim
2540 3450 2793 3504 insecuta
2837 3449 2951 3503 sunt

649 3536 814 3589 verba
847 3537 1104 3590 καλεῖται
1141 3527 1197 3590 δ’
1234 3525 1406 3601 οὗτος
1445 3545 1683 3609 χορεῖος
1729 3531 1971 3607 ἄλογος,
2016 3536 2085 3589 ab
2124 3538 2441 3604 excerptore
2486 3539 2668 3588 autem
2703 3550 2806 3589 suo
2840 3533 2948 3587 loco

652 3620 851 3675 omissa
885 3623 942 3673 et
974 3625 1165 3688 postea
1200 3620 1288 3675 hic
1326 3620 1509 3675 addita
1547 3626 1694 3677 sunt.
1764 3621 1905 3676 Nam
1941 3617 2011 3678 τὰ
2051 3620 2315 3693 εἰρημένα
2362 3635 2474 3675 non
2507 3619 2579 3673 ad
2615 3633 2737 3673 eam
2776 3617 2947 3686 expla-

651 3706 947 3771 nationem,
993 3719 1132 3774 quae
1167 3706 1409 3773 proxime
1454 3706 1750 3774 antecedit,
1799 3711 2052 3776 spectare
2086 3721 2247 3774 posse
2283 3711 2475 3775 postea
2507 3704 2752 3773 liquebit.
2825 3703 2949 3756 Item

648 3792 760 3845 illic
793 3790 1131 3845 intercidisse
1164 3790 1295 3844 mihi
1327 3792 1541 3845 videtur
1575 3798 1953 3860 praeceptum,
2000 3792 2144 3860 quod
2180 3796 2330 3845 extat
2363 3791 2421 3845 in
2453 3790 2770 3859 fragmentis
2808 3785 2948 3842 Pari·

652 3877 782 3931 sinis
807 3878 836 3942 5
863 3880 917 3929 6:
956 3865 1106 3932 ὥστε
1142 3870 1288 3932 εἶναι
1323 3872 1583 3948 φανερὸν
1608 3908 1673 3916 -
1705 3877 2003 3950 εἰρημένον
2038 3870 2370 3949 οἷφορισμὸν
2407 3871 2651 3946 ἔχουσας
2683 3889 2752 3928 ac
2780 3872 2950 3928 nescio

650 3975 721 4015 an
758 3977 867 4016 uno
903 3962 1184 4015 enuntiato
1233 3961 1360 4015 olim
1405 3964 1755 4032 coniunctum
1803 3963 1970 4018 fuerit
2004 3978 2128 4017 cum
2161 3962 2253 4016 illo
2288 3962 2433 4016 hunc
2469 3962 2586 4015 fere
2618 3960 2674 4014 in
2708 3959 2947 4014 modum:

649 4040 909 4118 φανερὸν
944 4045 1002 4101 δὲ
1038 4042 1125 4103 διὰ
1163 4049 1282 4102 τῶν
1316 4046 1644 4118 εἰρημένων,
1683 4038 1773 4104 ὅτι
1807 4042 1839 4119 ἡ
1875 4048 2019 4120 μέση
2055 4079 2119 4087 -
2159 4044 2463 4116 εὔρυθμον,
2499 4048 2595 4101 καὶ
2634 4035 2723 4101 ὅτι
2759 4039 2791 4100 ὁ
2818 4036 2951 4105 ποὺς

649 4128 826 4204 λόγος
864 4162 922 4170 -
962 4127 1188 4202 ἔχουσα.
