3177 4960
925 339 1010 394 De
1042 339 1457 395 irrationalitate
1489 340 1672 396 studia
1705 340 2025 410 rhythmica.
2511 341 2630 399 195

309 535 458 581 cam
518 511 780 596 quidem
825 512 1219 579 Aristideam
1264 519 1414 580 ante
1460 515 1682 580 oculos
1738 534 1881 580 eum
1928 513 2233 581 habuisse
2280 514 2632 581 verisimile

313 622 435 683 est.
481 615 654 681 Nam
683 612 1089 697 rhythmicae
1117 615 1474 682 Martianae
1504 617 1652 699 loci,
1685 635 1848 700 quos
1877 617 2052 700 apud
2074 615 2404 682 Aristiden
2434 617 2633 700 scrip-

309 724 413 783 tos
442 737 574 783 non
618 716 915 783 videmus
932 717 992 800 ¹),
1039 719 1371 798 graviores
1416 718 1594 799 sunt3
1643 737 1837 800 quam
1886 724 1953 783 ut
1995 717 2471 801 intellegamus,
2518 738 2632 784 cur

312 821 375 886 ei
421 819 826 903 potissimum
871 819 1308 902 praetermissi
1354 820 1482 886 sint
1522 840 1565 886 a
1606 820 1836 887 scribis
1881 840 2101 887 eorum
2146 821 2475 903 librorum,
2521 821 2633 902 qui

308 921 400 987 ad
429 942 548 988 nos
578 940 967 1006 pervenere;
1012 922 1400 987 Martianum
1445 929 1663 988 autem
1708 943 1821 990 eos
1866 922 1950 989 de
1995 924 2128 989 suis
2157 921 2491 989 addidisse
2522 929 2634 988 aut

310 1023 644 1107 duplicem
687 1023 930 1089 fontem
975 1022 1353 1091 adhibuisse
1412 1044 1639 1107 parum
1687 1025 2018 1092 credibile.
2109 1022 2235 1103 Qui
2279 1025 2633 1091 Martianus

312 1125 637 1193 interdum
668 1125 940 1191 eandem
971 1146 1105 1192 rem
1116 1126 1163 1201 2)
1196 1127 1427 1193 melius
1457 1126 1728 1192 tradidit
1758 1147 1949 1210 quam
1981 1126 2320 1194 Aristides.
2396 1124 2632 1205 Quam-

312 1229 413 1295 vis
441 1227 762 1294 Martiano
809 1247 1057 1294 errores
1103 1228 1299 1294 etiam
1346 1248 1492 1295 cum
1521 1228 1809 1296 Aristide
1855 1249 2225 1296 communes
2269 1249 2413 1296 esse
2449 1229 2631 1295 vide·

311 1332 608 1413 renturss),
654 1336 871 1396 tamen
917 1331 1047 1395 iam
1092 1331 1158 1395 in
1189 1332 1511 1396 communi
1556 1330 1732 1397 fonte
1763 1332 1976 1398 inesse
2020 1338 2320 1415 poterant
2363 1338 2429 1398 et
2459 1351 2630 1399 com-

310 1433 694 1516 pilatorum,
761 1432 993 1515 quibus
1054 1453 1242 1499 omne
1300 1434 1611 1500 iudicium
1669 1454 1856 1501 nemo
1918 1441 2016 1501 est
2072 1435 2228 1517 quin
2282 1434 2631 1509 abiudicet‚

310 1541 655 1618 utrumque
697 1535 891 1601 facile
934 1541 1236 1618 poterant
1264 1536 1510 1617 fugere.
1585 1535 1717 1602 Sed
1766 1535 1929 1604 haec
1960 1538 2176 1603 omnia
2220 1543 2291 1602 ut
2325 1557 2455 1603 non
2498 1538 2628 1603 iam

311 1638 472 1703 satis
520 1643 725 1736 certa„
739 1657 951 1703 novae
997 1638 1463 1704 examinationi
1517 1645 1713 1721 atque
1758 1638 2077 1705 subtiliori
2129 1637 2392 1721 quidem
2438 1658 2631 1721 quam

311 1740 625 1806 Deitersii
656 1739 740 1818 (U
745 1740 801 1804 b.
836 1739 899 1805 d.
931 1738 1127 1806 Verh.
1160 1739 1277 1806 des
1307 1740 1492 1805 Mart.
1526 1740 1684 1824 Cap.
1718 1760 1794 1805 zu
1825 1740 1935 1805 Ar.
1968 1738 2205 1819 Quint„
2238 1760 2378 1824 prg.
2410 1761 2628 1825 gymn.

311 1842 649 1909 Posniens.
688 1843 876 1918 1881)
927 1841 1308 1909 subicienda
1352 1849 1553 1908 erunt.
1645 1840 2100 1919 Quaestionem
2161 1848 2378 1910 autem
2422 1863 2503 1909 ea
2547 1843 2631 1909 de

311 1964 513 2012 causa
554 1945 1115 2029 perstringendam
1161 1964 1303 2011 esse
1350 1946 1602 2029 censui,
1650 1951 1720 2010 ut
1762 1965 2112 2029 monerem,
2158 1965 2240 2012 ne
2284 1946 2351 2010 in
2397 1946 2631 2028 quibus

311 2048 667 2113 Martianus
711 2046 999 2113 Aristide
1043 2047 1302 2114 uberior
1346 2053 1473 2131 est,
1534 2067 1614 2113 ea
1659 2047 1907 2114 indicta
1949 2067 2146 2115 causa
2189 2048 2405 2114 statim
2450 2047 2627 2114 dam·

309 2155 618 2216 narentur
645 2170 723 2216 ac
753 2150 1163 2233 reicerentur,
1210 2155 1281 2214 ut
1309 2150 1463 2216 fecit
1491 2149 1936 2233 Westphalius
1968 2150 2141 2226 (Rh.³
2167 2150 2369 2235 praef.
2400 2170 2465 2233 p.
2498 2153 2627 2225 24).

485 2250 617 2318 Sed
663 2250 793 2317 iam
836 2250 921 2316 ad
966 2270 1103 2317 rem
1148 2251 1378 2334 ipsam,
1426 2271 1619 2334 quam
1665 2250 2136 2336 proposuimus.
2225 2253 2323 2319 Ac
2351 2252 2630 2336 primum

309 2353 575 2438 quidem
602 2352 982 2436 definiamus
1011 2358 1372 2436 temporum
1401 2353 1866 2419 irrationalium
1897 2360 2213 2436 naturam,
2247 2360 2380 2420 tum
2406 2374 2628 2421 eorum

308 2457 504 2525 sedes
551 2456 933 2541 indagemus
977 2477 1056 2524 ac
1085 2456 1388 2539 vestigia,
1433 2477 1511 2524 ac
1555 2458 1806 2540 quibus·
1834 2457 2045 2524 causis
2091 2457 2156 2522 in
2185 2456 2473 2541 rhythmi
2517 2478 2628 2523 na-

312 2567 460 2626 tura
503 2560 733 2644 positis
779 2559 1064 2627 oriantur
1107 2561 1496 2626 mutationes
1539 2561 1715 2641 illae,
1763 2579 2245 2643 cognoscamus.

489 2833 540 2896 1)
575 2829 741 2885 Velut
764 2846 818 2898 p.
847 2833 945 2883 193
971 2830 1038 2883 de
1062 2828 1375 2885 differentiis
1400 2829 1597 2897 pedum
1622 2844 1826 2895 eorum,
1862 2843 1931 2882 ex
1956 2828 2152 2897 quibus
2176 2832 2430 2884 constant
2463 2829 2630 2898 pedes

306 2914 628 2985 compositi;
676 2931 731 2984 p.
763 2919 858 2969 195
894 2913 1206 2983 explanatio
1244 2915 1312 2969 de
1346 2913 1575 2983 pedibus
1612 2914 1823 2981 generis
1857 2913 2111 2983 dactylici
2145 2929 2256 2969 non
2289 2915 2634 2983 aspernanda

305 3000 402 3067 (cf.
440 3014 614 3069 supra
647 2999 772 3054 adn.
810 2999 880 3054 ad
914 3015 971 3068 p.
1000 3003 1135 3066 193).

485 3088 538 3151 2)
575 3085 636 3138 P.
669 3089 794 3139 196:
832 3087 998 3153 pedes
1036 3084 1173 3140 duos
1210 3084 1539 3153 compositos
1573 3084 1633 3137 in
1656 3097 1852 3152 genere
1884 3083 2118 3139 iambico
2153 3089 2300 3139 recte
2333 3086 2496 3140 vocat
2532 3084 2631 3139 du·

305 3170 485 3241 plices
527 3170 817 3237 bacchios,
865 3185 988 3225 cum
1022 3169 1279 3225 Aristidis
1312 3169 1438 3224 libri
1472 3183 1661 3225 omnes
1706 3169 1928 3225 tradant
1975 3163 2193 3235 ἁπλοῦς
2236 3174 2529 3241 βακχεῖος.
2566 3200 2633 3209 —

306 3257 484 3311 Paulo
520 3260 705 3310 autem
726 3255 874 3311 infra
894 3255 1092 3325 paeoni
1114 3255 1333 3325 epibato
1359 3270 1522 3310 unam
1545 3255 1727 3310 thesin
1750 3270 2020 3323 unamque
2055 3254 2205 3309 arsin
2239 3254 2449 3318 tribuit,
2486 3254 2634 3324 quod

308 3341 567 3397 convenit
614 3356 737 3396 cum
771 3340 1031 3397 Aristidis
1066 3342 1188 3396 loco
1236 3341 1331 3396 lib.
1374 3341 1431 3395 H
1464 3357 1519 3410 p.
1547 3346 1613 3396 98
1651 3340 1762 3396 Mb.
1789 3368 1859 3388 =
1883 3344 1966 3405 64,
1995 3343 2056 3394 21
2077 3339 2193 3404 W.,
2242 3355 2355 3395 non
2390 3355 2512 3394 cum
2548 3355 2634 3405 eo,

305 3444 473 3497 quem
518 3428 818 3483 reddidisse
853 3426 1182 3482 Mattianum
1232 3426 1583 3482 contendunt.
1621 3455 1690 3465 —
1724 3425 1786 3480 P.
1819 3430 1943 3479 1972
1994 3424 2244 3490 „iambus
2291 3425 2501 3495 primus
2537 3441 2634 3497 ap-

307 3515 496 3568 tetur-‘⁴
534 3512 729 3567 Mam:
768 3508 983 3585 ἰάμβου
1018 3511 1484 3586 προστιθεμένου
1516 3512 1643 3567 libri
1672 3510 1894 3565 Aristid.
1926 3511 1987 3579 'p.
2014 3515 2100 3578 59,
2127 3515 2183 3565 11
2212 3511 2327 3578 W.;
2366 3516 2636 3585 προτιθε-

302 3597 492 3668 μένου
525 3603 674 3653 recte
707 3597 959 3653 Jahnius.
1030 3598 1188 3652 Adde
1232 3597 1378 3667 quod
1413 3597 1724 3652 Martianus
1770 3602 1847 3666 (p.
1876 3601 1995 3663 194)
2039 3603 2188 3652 recte
2233 3597 2634 3666 proceleusma-

305 3685 483 3739 ticum
517 3683 779 3739 disemum
815 3683 950 3737 dicit
972 3683 1042 3737 ad
1067 3698 1323 3738 numeros
1359 3698 1470 3738 non
1504 3686 1695 3751 aptum
1720 3696 1858 3747 esse,
1894 3681 2162 3736 Aristides
2198 3697 2325 3737 vero
2361 3681 2483 3752 pari
2515 3682 2635 3737 iure

306 3782 438 3822 enm
475 3768 557 3822 uti
594 3782 660 3823 ac
696 3770 906 3823 ceteros
942 3766 1200 3837 dactylici
1232 3766 1445 3836 generis
1481 3767 1648 3836 pedes
1683 3764 1955 3822 iudicasse
1989 3765 2219 3821 videtur.

488 3855 541 3918 3)
575 3851 880 3907 Verborum
927 3851 1172 3908 ordinem
1216 3850 1536 3906 mutandum
1576 3866 1698 3906 esse
1732 3851 1881 3921 apud
1929 3857 2220 3922 utrumque
2253 3852 2312 3906 in
2347 3852 2635 3923 descripti·

304 3935 511 3992 onibus
534 3940 591 3991 et
611 3936 921 4006 prosodiaci
945 3943 1001 3992 et
1025 3937 1346 3993 choreorum
1381 3936 1774 3992 irrationalium
1812 3939 1927 4005 (Ar.
1964 3953 2017 4007 p.
2046 3941 2112 3993 39
2138 3964 2205 3984 ---
2229 3937 2393 3993 Mart.
2430 3954 2486 4007 p.
2516 3942 2635 4002 197)

308 4022 662 4078 consentiunt
693 4022 794 4077 viri
828 4021 991 4078 docti.
1064 4022 1177 4077 Alii
1221 4025 1404 4077 autem
1452 4036 1667 4079 errores
1703 4038 1813 4079 non
1858 4023 1990 4078 satis
2037 4022 2305 4093 explorati
2349 4037 2469 4078 esse
2505 4023 2635 4078 mihi

305 4107 582 4162 videntur.
1646 4099 1657 4108 “
