3177 4960
546 341 667 400 184
1508 337 1667 406 Hugo
1701 337 1736 392 J
1740 340 1895 392 usatz

542 534 670 580 non
701 513 785 578 de
827 513 1184 579 rationibus
1227 513 1636 578 metricorum
1682 517 1747 577 et
1790 508 2317 593 rhythmicorum,
2363 505 2481 574 sed
2511 504 2595 571 de
2625 503 2857 571 infiniti

542 615 831 700 rhythmi
876 622 940 682 et
982 616 1170 683 metri
1215 613 1462 682 definiti
1507 613 1877 680 discrimine
1932 612 2146 695 agitur
2203 611 2307 686 (cf.
2353 608 2619 676 Aristid.
2666 629 2720 675 c.
2753 611 2856 673 23.

539 741 604 803 p.
638 724 718 786 49
749 718 856 784 fin.
887 719 1046 801 Mb.;
1089 718 1209 801 frg.
1240 718 1511 784 Parisin.
1557 715 1732 799 apud
1763 716 1932 782 Keil.
1972 735 2065 798 gr.
2096 714 2207 778 lat.
2239 713 2329 778 VI
2360 715 2504 795 631,
2540 716 2651 794 143
2696 710 2854 777 Mar.

543 822 708 887 Vict.
739 841 802 904 p.
841 822 983 902 183,
1016 822 1133 902 273
1183 819 1481 886 Diomed.
1514 839 1577 902 p.
1614 820 1773 902 5123
1819 816 2066 885 Charis.
2098 837 2162 900 p.
2195 813 2379 898 281);
2425 815 2664 882 deinde
2705 816 2862 898 quia

543 918 870 996 πολλάκις
928 923 1102 988 illius
1160 941 1384 988 sensus
1437 922 1633 987 etiam
1688 920 2034 1003 ampliatus
2080 920 2194 1002 sit,
2252 937 2397 985 cum
2441 916 2732 984 redditus
2776 918 2863 984 sit

543 1044 661 1108 per
705 1021 1172 1109 „plerumque“
1220 1025 1325 1101 (cf.
1356 1022 1649 1107 Westph.
1682 1022 1875 1106 Frgg.
1907 1042 1969 1087 u.
2000 1019 2257 1087 Lehrss.
2287 1041 2351 1104 p.
2386 1023 2555 1096 247).
2630 1021 2856 1104 Itaque

545 1147 713 1211 quae
758 1128 934 1194 solus
978 1126 1176 1194 habet
1204 1128 1318 1193 ille
1349 1128 1489 1193 sive
1519 1127 1761 1191 Marius
1805 1126 1947 1191 sive
1978 1122 2407 1209 Aphthonius,
2455 1143 2534 1190 ea
2563 1142 2646 1189 ex
2674 1142 2857 1208 prae·

545 1237 732 1317 cepto
776 1230 830 1295 B
876 1233 1082 1314 petita
1138 1229 1619 1315 superaddidit,
1679 1248 1822 1295 cum
1864 1247 1981 1294 suo
2025 1229 2170 1293 loco
2227 1231 2402 1292 recte
2445 1246 2515 1293 se
2559 1225 2861 1309 habeant,

545 1330 653 1398 hic
696 1352 1007 1415 perversa
1050 1334 1195 1399 sint.
1283 1333 1483 1398 Porro
1515 1331 1565 1396 C
1596 1335 2013 1414 praeceptum
2055 1328 2234 1413 apud
2277 1328 2554 1394 eundem
2600 1334 2666 1394 et
2694 1330 2858 1394 Lon-

545 1437 765 1518 ginum
811 1455 939 1501 non
982 1435 1157 1500 idem
1200 1442 1526 1519 spectare,
1574 1433 1748 1517 quod
1794 1433 1845 1496 B
1892 1433 1959 1497 in
2002 1433 2362 1515 fragmento
2408 1431 2858 1512 Ambrosiano,

546 1538 834 1621 sequitur
864 1558 900 1604 e
932 1537 1268 1622 Dionysio,
1315 1538 1618 1621 quoniam
1665 1531 1992 1609 πολλάκις
2035 1539 2145 1611 (=
2172 1536 2575 1619 plerumque)
2620 1539 2686 1599 et
2727 1533 2859 1598 illis

547 1646 612 1706 et
657 1641 973 1724 Dionysio
1031 1660 1367 1707 commune
1414 1646 1544 1722 est,
1602 1640 1667 1704 in
1712 1639 1763 1704 Ο
1807 1645 2023 1704 autem
2075 1638 2162 1703 ad
2204 1637 2545 1721 pristinum
2604 1654 2861 1703 sensum

547 1744 844 1826 proxime
888 1743 1200 1810 accedere
1243 1743 1362 1826 frg.
1413 1742 1776 1808 Parisinum
1820 1739 1981 1805 mihi
2027 1759 2404 1824 persuasum
2451 1745 2580 1823 est,
2634 1737 2749 1804 sed
2793 1737 2863 1802 in

547 1845 673 1911 hoc
703 1846 842 1911 solo
874 1845 1025 1912 inde
1072 1846 1416 1929 aberravit,
1464 1844 1638 1929 quod
1668 1863 1805 1910 rem
1835 1842 1923 1909 ad
1952 1844 2208 1908 tertium
2256 1849 2615 1925 temporum
2659 1860 2861 1924 genus

548 1948 791 2012 rettulit
836 1943 1015 2023 (τοὺς
1060 1945 1188 2025 δὲ),
1248 1966 1392 2013 cum
1436 1966 1520 2013 ex
1562 1947 1866 2031 Dionysii
1917 1947 2061 2012 loco
2108 1944 2207 2025 (C)
2251 1950 2565 2029 appareat
2618 1940 2861 2020 (ὥστε),

550 2050 632 2114 de
691 2049 940 2116 duobus
998 2055 1244 2114 tantum
1300 2056 1662 2132 temporum
1719 2049 2062 2132 generibus
2118 2048 2246 2131 agi.
2342 2048 2633 2130 Longino
2692 2046 2863 2112 enim

551 2150 893 2217 dicendum
940 2156 1097 2232 erat,
1141 2156 1395 2235 tempus
1422 2151 1623 2216 breve
1658 2171 1787 2216 non
1829 2151 2093 2234 longum
2137 2148 2296 2231 fieri,
2340 2150 2385 2214 i.
2418 2169 2473 2214 e.
2505 2149 2573 2213 in
2602 2148 2867 2230 longum

551 2254 747 2337 verti,
816 2253 934 2320 sed
989 2255 1184 2337 longo
1242 2253 1562 2319 interdum
1623 2273 1901 2337 aequum
1959 2252 2131 2336 fieri3
2198 2271 2409 2336 neque
2466 2271 2619 2316 vero
2676 2252 2869 2335 plura

551 2356 915 2439 significare
974 2357 1362 2440 Dionysium
1418 2357 1648 2440 velim,
1707 2377 1850 2422 cum
1911 2356 2098 2423 dicit:
2158 2344 2332 2419 ὥστε
2388 2351 2485 2430 εἰς
2539 2344 2864 2417 τάναντία

548 2470 977 2543 μεταχωρεῖν.
1051 2460 1219 2526 Nam
1265 2459 1528 2527 brevem
1560 2479 1766 2544 usque
1793 2459 1880 2525 ad
1911 2458 2228 2525 disemum
2258 2457 2558 2543 spatium,
2603 2457 2865 2540 longam

549 2562 636 2630 ad
666 2584 1110 2631 monosemum
1141 2565 1377 2647 corripi
1406 2582 1689 2646 unquam
1719 2581 1931 2646 posse,
1976 2581 2059 2628 ne
2089 2560 2556 2627 audacissimus
2603 2559 2866 2643 quidem

552 2686 790 2750 eorum,
825 2668 1044 2750 quiex
1068 2666 1357 2733 hocloco
1379 2672 1871 2751 praeceptorum
1901 2684 2159 2731 suorum
2187 2669 2567 2747 argumenta
2595 2663 2868 2746 petiere,

552 2769 900 2835 contendit.
957 2770 1198 2834 Marius
1220 2775 1453 2851 autem,
1485 2788 1566 2834 ne
1591 2766 1750 2851 quid
1770 2767 2284 2851 praetermisisse
2307 2765 2654 2848 videretur,
2688 2765 2868 2847 longi

550 2871 860 2953 temporis
884 2871 1304 2935 mutationem
1320 2870 1386 2935 in
1400 2870 1599 2937 breve
1622 2868 1897 2952 addidit,
1922 2869 2219 2933 nimirum
2246 2868 2554 2951 deceptus
2579 2886 2659 2933 ea
2681 2885 2868 2950 prae-

553 2973 725 3055 cepti
770 2972 821 3038 Ο
867 2974 1107 3055 specie,
1154 2972 1363 3055 qualis
1407 2972 1647 3037 tradita
1690 2978 1789 3037 est
1832 2992 1873 3036 a
1916 2972 2229 3055 Longino.

723 3075 826 3140 Ex
855 3076 1199 3158 fragmenti
1242 3081 1458 3141 autem
1487 3066 1898 3140 Ambrosiani
1943 3075 2086 3141 loco
2132 3075 2596 3157 pretiosissimo
2640 3074 2866 3157 liquet,

552 3177 664 3261 qui
705 3176 850 3261 fiat,
909 3184 982 3243 ut
1025 3178 1220 3260 longa
1262 3177 1447 3242 brevi
1501 3195 1715 3260 aequa
1771 3175 1911 3242 fieri
1970 3176 2205 3260 possit3
2263 3178 2461 3259 longa
2504 3178 2673 3242 enim
2721 3195 2867 3242 cum

554 3282 914 3365 corripitur,
960 3281 1046 3346 ad
1089 3279 1445 3364 productae
1489 3280 1708 3345 brevis
1752 3280 2035 3363 spatium
2078 3277 2431 3346 descendit.
2521 3276 2735 3355 Quare
2778 3277 2869 3344 ad

556 3382 856 3466 Dionysii
911 3384 1226 3464 μειοῦσαι
1285 3388 1349 3448 et
1402 3382 1523 3465 frg.
1581 3382 1860 3448 Parisini
1920 3378 2224 3466 συνάγειν
2280 3380 2707 3465 supplendum
2767 3388 2870 3452 est

554 3504 679 3550 non
725 3480 882 3559 τοὺς
922 3487 1218 3567 βραχεῖς,
1266 3503 1489 3551 verum
1534 3479 1691 3558 τοὺς
1734 3480 2028 3567 μακροὺς
2065 3479 2364 3566 χρόνους.
2460 3474 2867 3546 Τοῦναντίον

556 3593 769 3652 autem
813 3591 927 3651 aut
970 3587 1037 3652 in
1084 3585 1456 3650 συστέλλων
1513 3592 1759 3652 tantum
1804 3595 1917 3652 aut
1959 3588 2027 3651 in
2070 3587 2439 3652 universum
2493 3583 2659 3650 illud
2709 3582 2868 3659 τούς

554 3684 847 3773 μακροὺς
904 3687 1275 3762 συστέλλων
1335 3690 1657 3773 conferas,
1719 3690 1811 3755 ita
1855 3699 1926 3754 ut
1974 3688 2409 3773 producantur
2463 3694 2576 3753 aut
2629 3689 2867 3771 longae

555 3796 668 3857 aut
696 3792 948 3858 breves,
1023 3790 1196 3856 Illud
1225 3811 1380 3857 vero
1410 3790 1517 3858 hic
1546 3793 1825 3876 intelligi
1868 3783 2215 3876 propterea
2243 3812 2370 3858 non
2414 3796 2643 3875 potest,
2690 3788 2867 3873 quod

556 3914 674 3978 per
705 3896 937 3978 longae
983 3893 1468 3979 productionem
1501 3901 1567 3961 et
1595 3896 1831 3978 longae
1860 3895 2329 3977 correptionem
2375 3899 2666 3977 tempora
2699 3894 2869 3958 inter

557 4018 627 4065 se
671 3999 857 4081 paria
902 3998 1053 4062 oriri
1098 3997 1273 4063 nullo
1320 3996 1512 4063 modo
1556 4003 1851 4080 possunt,
1898 3997 2072 4078 quod
2116 3991 2330 4063 tamen
2372 3995 2513 4062 fieri
2558 4015 2703 4061 cum
2744 3996 2867 4078 frg.

560 4100 921 4166 Parisinum
965 4097 1231 4183 flagitat,
1278 4106 1560 4184 tumper
1601 4098 2090 4182 productionem
2122 4106 2186 4165 et
2216 4100 2682 4183 correptionem
2727 4097 2869 4163 fieri
