<?xml version="1.0" encoding="UTF-8"?>
<!DOCTYPE html PUBLIC "-//W3C//DTD XHTML 1.0 Transitional//EN"
    "http://www.w3.org/TR/xhtml1/DTD/xhtml1-transitional.dtd">
<html xmlns="http://www.w3.org/1999/xhtml" xml:lang="en" lang="en">
 <head>
  <title>
</title>
<meta http-equiv="Content-Type" content="text/html;charset=utf-8" />
  <meta name='ocr-system' content='tesseract 3.04.00' />
  <meta name='ocr-capabilities' content='ocr_page ocr_carea ocr_par ocr_line ocrx_word'/>
</head>
<body>
  <div class='ocr_page' id='page_1' title='image "./deirrationalita00jusagoog_0121.png"; bbox 0 0 3177 4960; ppageno 0'>
   <div class='ocr_carea' id='block_1_1' title="bbox 824 342 2532 411">
    <p class='ocr_par' dir='ltr' id='par_1_1' title="bbox 824 342 2532 411">
     <span class='ocr_line' id='line_1_1' title="bbox 824 342 2532 411; baseline 0.006 -14"><span class='ocrx_word' id='word_1_1' title='bbox 824 343 909 398; x_wconf 87' lang='lat' dir='ltr'><strong>De</strong></span> <span class='ocrx_word' id='word_1_2' title='bbox 943 342 1357 399; x_wconf 75' lang='lat' dir='ltr'><strong>irrationalitate</strong></span> <span class='ocrx_word' id='word_1_3' title='bbox 1390 343 1572 399; x_wconf 87' lang='lat' dir='ltr'><strong>studia</strong></span> <span class='ocrx_word' id='word_1_4' title='bbox 1605 343 1925 411; x_wconf 81' lang='lat' dir='ltr'><strong>rhythmica.</strong></span> <span class='ocrx_word' id='word_1_5' title='bbox 2409 347 2532 407; x_wconf 84' lang='lat'><strong>283</strong></span> 
     </span>
    </p>
   </div>
   <div class='ocr_carea' id='block_1_2' title="bbox 211 514 2537 1121">
    <p class='ocr_par' dir='ltr' id='par_1_2' title="bbox 211 514 2537 1121">
     <span class='ocr_line' id='line_1_2' title="bbox 211 514 2533 604; baseline 0.003 -23"><span class='ocrx_word' id='word_1_6' title='bbox 211 517 504 583; x_wconf 91' lang='lat' dir='ltr'><strong>ionicum</strong></span> <span class='ocrx_word' id='word_1_7' title='bbox 536 521 601 582; x_wconf 93' lang='lat' dir='ltr'><strong>et</strong></span> <span class='ocrx_word' id='word_1_8' title='bbox 631 514 1073 583; x_wconf 77' lang='lat' dir='ltr'><strong>choriambum</strong></span> <span class='ocrx_word' id='word_1_9' title='bbox 1103 536 1231 582; x_wconf 90' lang='lat' dir='ltr'><strong>non</strong></span> <span class='ocrx_word' id='word_1_10' title='bbox 1262 518 1608 601; x_wconf 89' lang='lat' dir='ltr'><strong>simplices,</strong></span> <span class='ocrx_word' id='word_1_11' title='bbox 1656 537 1880 584; x_wconf 88' lang='lat' dir='ltr'><strong>verum</strong></span> <span class='ocrx_word' id='word_1_12' title='bbox 1913 518 2302 602; x_wconf 89' lang='lat' dir='ltr'><strong>compositos</strong></span> <span class='ocrx_word' id='word_1_13' title='bbox 2332 520 2533 604; x_wconf 89' lang='lat' dir='ltr'><strong>pedes</strong></span> 
     </span>
     <span class='ocr_line' id='line_1_3' title="bbox 215 617 2529 706; baseline 0.002 -20"><span class='ocrx_word' id='word_1_14' title='bbox 215 638 363 686; x_wconf 91' lang='lat' dir='ltr'><strong>esse</strong></span> <span class='ocrx_word' id='word_1_15' title='bbox 434 618 766 685; x_wconf 87' lang='lat' dir='ltr'><strong>iudicavit.</strong></span> <span class='ocrx_word' id='word_1_16' title='bbox 870 617 943 683; x_wconf 87' lang='lat' dir='ltr'><strong>Si</strong></span> <span class='ocrx_word' id='word_1_17' title='bbox 1000 618 1195 702; x_wconf 85' lang='lat' dir='ltr'><strong>igitur</strong></span> <span class='ocrx_word' id='word_1_18' title='bbox 1254 618 1712 702; x_wconf 89' lang='lat' dir='ltr'><strong>proficiscimur</strong></span> <span class='ocrx_word' id='word_1_19' title='bbox 1765 640 1807 687; x_wconf 91' lang='lat' dir='ltr'><strong>a</strong></span> <span class='ocrx_word' id='word_1_20' title='bbox 1863 640 2123 687; x_wconf 91' lang='lat' dir='ltr'><strong>numero</strong></span> <span class='ocrx_word' id='word_1_21' title='bbox 2181 621 2529 706; x_wconf 78' lang='lat' dir='ltr'><strong>trochaice,</strong></span> 
     </span>
     <span class='ocr_line' id='line_1_4' title="bbox 214 719 2533 809; baseline 0.001 -21"><span class='ocrx_word' id='word_1_22' title='bbox 214 727 328 788; x_wconf 90' lang='lat' dir='ltr'><strong>aut</strong></span> <span class='ocrx_word' id='word_1_23' title='bbox 357 722 639 805; x_wconf 87' lang='lat' dir='ltr'><strong>primam</strong></span> <span class='ocrx_word' id='word_1_24' title='bbox 669 720 978 804; x_wconf 81' lang='lat' dir='ltr'><strong>syzygiae</strong></span> <span class='ocrx_word' id='word_1_25' title='bbox 1007 719 1219 787; x_wconf 89' lang='lat' dir='ltr'><strong>thesin</strong></span> <span class='ocrx_word' id='word_1_26' title='bbox 1252 722 1592 805; x_wconf 91' lang='lat' dir='ltr'><strong>corripere,</strong></span> <span class='ocrx_word' id='word_1_27' title='bbox 1636 722 1991 807; x_wconf 90' lang='lat' dir='ltr'><strong>producere</strong></span> <span class='ocrx_word' id='word_1_28' title='bbox 2023 724 2195 790; x_wconf 90' lang='lat' dir='ltr'><strong>arsin</strong></span> <span class='ocrx_word' id='word_1_29' title='bbox 2225 725 2533 809; x_wconf 87' lang='lat' dir='ltr'><strong>ultimam,</strong></span> 
     </span>
     <span class='ocr_line' id='line_1_5' title="bbox 215 822 2533 908; baseline 0.002 -18"><span class='ocrx_word' id='word_1_30' title='bbox 215 829 327 890; x_wconf 90' lang='lat' dir='ltr'><strong>aut</strong></span> <span class='ocrx_word' id='word_1_31' title='bbox 372 825 551 891; x_wconf 89' lang='lat' dir='ltr'><strong>arsin</strong></span> <span class='ocrx_word' id='word_1_32' title='bbox 598 824 867 890; x_wconf 92' lang='lat' dir='ltr'><strong>alteram</strong></span> <span class='ocrx_word' id='word_1_33' title='bbox 922 822 1312 906; x_wconf 90' lang='lat' dir='ltr'><strong>producere,</strong></span> <span class='ocrx_word' id='word_1_34' title='bbox 1373 825 1695 908; x_wconf 80' lang='lat' dir='ltr'><strong>corripere</strong></span> <span class='ocrx_word' id='word_1_35' title='bbox 1740 824 1952 892; x_wconf 90' lang='lat' dir='ltr'><strong>thesin</strong></span> <span class='ocrx_word' id='word_1_36' title='bbox 1997 826 2251 894; x_wconf 86' lang='lat' dir='ltr'><strong>tertiam</strong></span> <span class='ocrx_word' id='word_1_37' title='bbox 2296 827 2533 905; x_wconf 88' lang='lat' dir='ltr'><strong>licebit,</strong></span> 
     </span>
     <span class='ocr_line' id='line_1_6' title="bbox 214 926 2537 1011; baseline 0.003 -18"><span class='ocrx_word' id='word_1_38' title='bbox 214 929 280 993; x_wconf 91' lang='lat' dir='ltr'><strong>in</strong></span> <span class='ocrx_word' id='word_1_39' title='bbox 305 946 577 993; x_wconf 90' lang='lat' dir='ltr'><strong>numero</strong></span> <span class='ocrx_word' id='word_1_40' title='bbox 609 931 823 992; x_wconf 91' lang='lat' dir='ltr'><strong>autem</strong></span> <span class='ocrx_word' id='word_1_41' title='bbox 853 926 1130 993; x_wconf 90' lang='lat' dir='ltr'><strong>iambico</strong></span> <span class='ocrx_word' id='word_1_42' title='bbox 1161 931 1453 1011; x_wconf 89' lang='lat' dir='ltr'><strong>tempora</strong></span> <span class='ocrx_word' id='word_1_43' title='bbox 1482 928 1740 994; x_wconf 80' lang='lat' dir='ltr'><strong>similia.</strong></span> <span class='ocrx_word' id='word_1_44' title='bbox 1800 928 1990 995; x_wconf 89' lang='lat' dir='ltr'><strong>Unde</strong></span> <span class='ocrx_word' id='word_1_45' title='bbox 2021 928 2189 996; x_wconf 87' lang='lat' dir='ltr'><strong>duae</strong></span> <span class='ocrx_word' id='word_1_46' title='bbox 2218 933 2537 999; x_wconf 88' lang='lat' dir='ltr'><strong>anaclasis</strong></span> 
     </span>
     <span class='ocr_line' id='line_1_7' title="bbox 216 1027 2535 1121; baseline 0.003 -25"><span class='ocrx_word' id='word_1_47' title='bbox 216 1030 477 1114; x_wconf 87' lang='lat' dir='ltr'><strong>species</strong></span> <span class='ocrx_word' id='word_1_48' title='bbox 508 1029 812 1110; x_wconf 89' lang='lat' dir='ltr'><strong>oriuntur,</strong></span> <span class='ocrx_word' id='word_1_49' title='bbox 858 1029 1063 1095; x_wconf 91' lang='lat' dir='ltr'><strong>altera</strong></span> <span class='ocrx_word' id='word_1_50' title='bbox 1107 1029 1173 1094; x_wconf 94' lang='lat' dir='ltr'><strong>in</strong></span> <span class='ocrx_word' id='word_1_51' title='bbox 1205 1048 1333 1112; x_wconf 88' lang='lat' dir='ltr'><strong>qua</strong></span> <span class='ocrx_word' id='word_1_52' title='bbox 1363 1027 1774 1098; x_wconf 84' lang='lat' dir='ltr'><strong>choriambus</strong></span> <span class='ocrx_word' id='word_1_53' title='bbox 1804 1031 2131 1099; x_wconf 88' lang='lat' dir='ltr'><strong>antecedit</strong></span> <span class='ocrx_word' id='word_1_54' title='bbox 2162 1032 2535 1121; x_wconf 87' lang='lat' dir='ltr'><strong>diiambum,</strong></span> 
     </span>
    </p>
   </div>
   <div class='ocr_carea' id='block_1_3' title="bbox 217 1129 2536 1315">
    <p class='ocr_par' dir='ltr' id='par_1_3' title="bbox 217 1129 2536 1315">
     <span class='ocr_line' id='line_1_8' title="bbox 217 1129 2536 1217; baseline 0.003 -20"><span class='ocrx_word' id='word_1_55' title='bbox 217 1133 471 1199; x_wconf 89' lang='lat' dir='ltr'><strong>ionicus</strong></span> <span class='ocrx_word' id='word_1_56' title='bbox 502 1152 544 1197; x_wconf 89' lang='lat' dir='ltr'><strong>a</strong></span> <span class='ocrx_word' id='word_1_57' title='bbox 573 1132 819 1197; x_wconf 91' lang='lat' dir='ltr'><strong>minore</strong></span> <span class='ocrx_word' id='word_1_58' title='bbox 867 1129 1330 1214; x_wconf 89' lang='lat' dir='ltr'><strong>ditrochaeum,</strong></span> <span class='ocrx_word' id='word_1_59' title='bbox 1376 1133 1582 1199; x_wconf 90' lang='lat' dir='ltr'><strong>altera</strong></span> <span class='ocrx_word' id='word_1_60' title='bbox 1611 1133 1676 1199; x_wconf 91' lang='lat' dir='ltr'><strong>in</strong></span> <span class='ocrx_word' id='word_1_61' title='bbox 1708 1153 1836 1217; x_wconf 88' lang='lat' dir='ltr'><strong>qua</strong></span> <span class='ocrx_word' id='word_1_62' title='bbox 1863 1134 2187 1202; x_wconf 88' lang='lat' dir='ltr'><strong>antecedit</strong></span> <span class='ocrx_word' id='word_1_63' title='bbox 2218 1135 2536 1204; x_wconf 81' lang='lat' dir='ltr'><strong>diiambus</strong></span> 
     </span>
     <span class='ocr_line' id='line_1_9' title="bbox 217 1232 1491 1315; baseline -0.002 -14"><span class='ocrx_word' id='word_1_64' title='bbox 217 1233 688 1315; x_wconf 88' lang='lat' dir='ltr'><strong>choriambum,</strong></span> <span class='ocrx_word' id='word_1_65' title='bbox 736 1232 1146 1300; x_wconf 88' lang='lat' dir='ltr'><strong>ditrochaeus</strong></span> <span class='ocrx_word' id='word_1_66' title='bbox 1193 1234 1491 1302; x_wconf 89' lang='lat' dir='ltr'><strong>ionicum.</strong></span> 
     </span>
    </p>
   </div>
   <div class='ocr_carea' id='block_1_4' title="bbox 218 1354 2542 2062">
    <p class='ocr_par' dir='ltr' id='par_1_4' title="bbox 218 1354 2538 1643">
     <span class='ocr_line' id='line_1_10' title="bbox 394 1354 2537 1452; baseline 0.004 -33"><span class='ocrx_word' id='word_1_67' title='bbox 394 1354 751 1420; x_wconf 86' lang='lat' dir='ltr'><strong>Rarissima</strong></span> <span class='ocrx_word' id='word_1_68' title='bbox 793 1361 1007 1420; x_wconf 89' lang='lat' dir='ltr'><strong>autem</strong></span> <span class='ocrx_word' id='word_1_69' title='bbox 1054 1360 1153 1421; x_wconf 88' lang='lat' dir='ltr'><strong>est</strong></span> <span class='ocrx_word' id='word_1_70' title='bbox 1197 1374 1276 1421; x_wconf 90' lang='lat' dir='ltr'><strong>ea</strong></span> <span class='ocrx_word' id='word_1_71' title='bbox 1333 1356 1572 1438; x_wconf 90' lang='lat' dir='ltr'><strong>forma,</strong></span> <span class='ocrx_word' id='word_1_72' title='bbox 1637 1356 1702 1421; x_wconf 90' lang='lat' dir='ltr'><strong>in</strong></span> <span class='ocrx_word' id='word_1_73' title='bbox 1748 1376 1877 1440; x_wconf 88' lang='lat' dir='ltr'><strong>qua</strong></span> <span class='ocrx_word' id='word_1_74' title='bbox 1921 1358 2165 1426; x_wconf 90' lang='lat' dir='ltr'><strong>ionicus</strong></span> <span class='ocrx_word' id='word_1_75' title='bbox 2210 1380 2251 1452; x_wconf 83' lang='lat' dir='ltr'><strong>a</strong></span> <span class='ocrx_word' id='word_1_76' title='bbox 2294 1362 2537 1442; x_wconf 87' lang='lat' dir='ltr'><strong>maiore</strong></span> 
     </span>
     <span class='ocr_line' id='line_1_11' title="bbox 218 1456 2538 1539; baseline 0.003 -16"><span class='ocrx_word' id='word_1_77' title='bbox 218 1456 657 1524; x_wconf 87' lang='lat' dir='ltr'><strong>circumdatur</strong></span> <span class='ocrx_word' id='word_1_78' title='bbox 687 1457 956 1539; x_wconf 87' lang='lat' dir='ltr'><strong>singulis</strong></span> <span class='ocrx_word' id='word_1_79' title='bbox 988 1456 1325 1524; x_wconf 86' lang='lat' dir='ltr'><strong>trochaeis.</strong></span> <span class='ocrx_word' id='word_1_80' title='bbox 1415 1458 1822 1525; x_wconf 89' lang='lat' dir='ltr'><strong>Hermannus</strong></span> <span class='ocrx_word' id='word_1_81' title='bbox 1856 1478 1997 1525; x_wconf 90' lang='lat' dir='ltr'><strong>eam</strong></span> <span class='ocrx_word' id='word_1_82' title='bbox 2029 1462 2286 1529; x_wconf 88' lang='lat' dir='ltr'><strong>omnino</strong></span> <span class='ocrx_word' id='word_1_83' title='bbox 2318 1469 2538 1531; x_wconf 85' lang='lat' dir='ltr'><strong>extare</strong></span> 
     </span>
     <span class='ocr_line' id='line_1_12' title="bbox 220 1558 2302 1643; baseline 0.002 -17"><span class='ocrx_word' id='word_1_84' title='bbox 220 1560 510 1643; x_wconf 85' lang='lat' dir='ltr'><strong>negavit.</strong></span> <span class='ocrx_word' id='word_1_85' title='bbox 600 1561 848 1626; x_wconf 88' lang='lat' dir='ltr'><strong>Tamen</strong></span> <span class='ocrx_word' id='word_1_86' title='bbox 895 1566 1065 1627; x_wconf 89' lang='lat' dir='ltr'><strong>certe</strong></span> <span class='ocrx_word' id='word_1_87' title='bbox 1116 1558 1240 1628; x_wconf 89' lang='lat' dir='ltr'><strong>huc</strong></span> <span class='ocrx_word' id='word_1_88' title='bbox 1284 1560 1624 1627; x_wconf 86' lang='lat' dir='ltr'><strong>referenda</strong></span> <span class='ocrx_word' id='word_1_89' title='bbox 1670 1567 1815 1627; x_wconf 91' lang='lat' dir='ltr'><strong>sunt</strong></span> <span class='ocrx_word' id='word_1_90' title='bbox 1863 1561 2024 1629; x_wconf 91' lang='lat' dir='ltr'><strong>haec</strong></span> <span class='ocrx_word' id='word_1_91' title='bbox 2069 1571 2302 1631; x_wconf 88' lang='lat' dir='ltr'><strong>metra:</strong></span> 
     </span>
    </p>

    <p class='ocr_par' dir='ltr' id='par_1_5' title="bbox 328 1670 2542 2062">
     <span class='ocr_line' id='line_1_13' title="bbox 328 1670 2464 1768; baseline 0.002 -23"><span class='ocrx_word' id='word_1_92' title='bbox 328 1681 481 1747; x_wconf 84' lang='lat' dir='ltr'><strong>Eur.</strong></span> <span class='ocrx_word' id='word_1_93' title='bbox 515 1680 662 1746; x_wconf 86' lang='lat' dir='ltr'><strong>Hel.</strong></span> <span class='ocrx_word' id='word_1_94' title='bbox 705 1683 863 1744; x_wconf 84' lang='lat'>1340</span> <span class='ocrx_word' id='word_1_95' title='bbox 896 1699 1023 1763; x_wconf 84' lang='lat' dir='ltr'><strong>sq.:</strong></span> <span class='ocrx_word' id='word_1_96' title='bbox 1070 1675 1323 1768; x_wconf 82' lang='grc' dir='ltr'><em>ματρὸς</em></span> <span class='ocrx_word' id='word_1_97' title='bbox 1369 1670 1593 1763; x_wconf 78' lang='grc' dir='ltr'><em>ὀργὰς,</em></span> <span class='ocrx_word' id='word_1_98' title='bbox 1642 1676 1866 1746; x_wconf 76' lang='grc' dir='ltr'><em>ἐνέπει</em></span> <span class='ocrx_word' id='word_1_99' title='bbox 1907 1688 1955 1753; x_wconf 95' lang='grc' dir='ltr'>Λ</span> <span class='ocrx_word' id='word_1_100' title='bbox 1992 1682 2177 1765; x_wconf 82' lang='grc' dir='ltr'><em>βᾶτε,</em></span> <span class='ocrx_word' id='word_1_101' title='bbox 2227 1687 2464 1767; x_wconf 85' lang='grc' dir='ltr'><em>σεμναὶ</em></span> 
     </span>
     <span class='ocr_line' id='line_1_14' title="bbox 1065 1773 2270 1879; baseline 0.003 -35"><span class='ocrx_word' id='word_1_102' title='bbox 1065 1773 1354 1865; x_wconf 79' lang='grc' dir='ltr'><strong>χάριτες.</strong></span> <span class='ocrx_word' id='word_1_103' title='bbox 1419 1866 1444 1877; x_wconf 39' lang='grc' dir='ltr'><strong><em>υ</em></strong></span> <span class='ocrx_word' id='word_1_104' title='bbox 2240 1869 2270 1879; x_wconf 33' lang='grc' dir='ltr'><strong><em>Ἤ</em></strong></span> 
     </span>
     <span class='ocr_line' id='line_1_15' title="bbox 574 1874 2542 1972; baseline 0.007 -30"><span class='ocrx_word' id='word_1_105' title='bbox 574 1904 652 1942; x_wconf 69' lang='grc' dir='ltr'><em>ω</em></span> <span class='ocrx_word' id='word_1_106' title='bbox 713 1874 874 1950; x_wconf 84' lang='grc'><strong>1356</strong></span> <span class='ocrx_word' id='word_1_107' title='bbox 900 1904 1022 1968; x_wconf 87' lang='lat' dir='ltr'><strong>sq.:</strong></span> <span class='ocrx_word' id='word_1_108' title='bbox 1068 1880 1340 1967; x_wconf 85' lang='grc' dir='ltr'><em>ματρὸς,</em></span> <span class='ocrx_word' id='word_1_109' title='bbox 1389 1878 1441 1946; x_wconf 81' lang='grc' dir='ltr'><em>ὠ</em></span> <span class='ocrx_word' id='word_1_110' title='bbox 1488 1896 1638 1964; x_wconf 89' lang='grc' dir='ltr'><em>παῖ,</em></span> <span class='ocrx_word' id='word_1_111' title='bbox 1685 1889 1937 1962; x_wconf 77' lang='grc' dir='ltr'><strong><em>θυσίας</em></strong></span> <span class='ocrx_word' id='word_1_112' title='bbox 1975 1897 2025 1964; x_wconf 94' lang='grc' dir='ltr'>Λ</span> <span class='ocrx_word' id='word_1_113' title='bbox 2065 1880 2141 1952; x_wconf 78' lang='grc' dir='ltr'><strong>οὗ</strong></span> <span class='ocrx_word' id='word_1_114' title='bbox 2189 1888 2542 1972; x_wconf 78' lang='grc' dir='ltr'><em>σεβίζουσα</em></span> 
     </span>
     <span class='ocr_line' id='line_1_16' title="bbox 1069 1989 1282 2062; baseline 0.005 -13"><span class='ocrx_word' id='word_1_115' title='bbox 1069 1989 1282 2062; x_wconf 77' lang='grc' dir='ltr'><em>θεοῖς.</em></span> 
     </span>
    </p>
   </div>
   <div class='ocr_carea' id='block_1_5' title="bbox 218 2097 2542 2601">
    <p class='ocr_par' dir='ltr' id='par_1_6' title="bbox 222 2097 1915 2191">
     <span class='ocr_line' id='line_1_17' title="bbox 222 2097 1915 2191; baseline 0.001 -20"><span class='ocrx_word' id='word_1_116' title='bbox 222 2106 509 2173; x_wconf 83' lang='lat' dir='ltr'><strong>Timoth.</strong></span> <span class='ocrx_word' id='word_1_117' title='bbox 543 2107 662 2189; x_wconf 87' lang='lat' dir='ltr'><strong>frg.</strong></span> <span class='ocrx_word' id='word_1_118' title='bbox 700 2109 797 2189; x_wconf 83' lang='lat'><strong>12,</strong></span> <span class='ocrx_word' id='word_1_119' title='bbox 837 2109 1031 2171; x_wconf 86' lang='lat'>1—2:</span> <span class='ocrx_word' id='word_1_120' title='bbox 1080 2097 1197 2170; x_wconf 72' lang='grc' dir='ltr'><strong>οὐκ</strong></span> <span class='ocrx_word' id='word_1_121' title='bbox 1243 2097 1449 2171; x_wconf 81' lang='grc' dir='ltr'><em>ἆείόω</em></span> <span class='ocrx_word' id='word_1_122' title='bbox 1495 2105 1580 2171; x_wconf 84' lang='grc' dir='ltr'><strong>τὰ</strong></span> <span class='ocrx_word' id='word_1_123' title='bbox 1630 2108 1915 2191; x_wconf 83' lang='grc' dir='ltr'><em>παλαιὰ,</em></span> 
     </span>
    </p>

    <p class='ocr_par' dir='ltr' id='par_1_7' title="bbox 218 2206 2542 2601">
     <span class='ocr_line' id='line_1_18' title="bbox 1073 2206 2542 2299; baseline 0.006 -27"><span class='ocrx_word' id='word_1_124' title='bbox 1073 2206 1269 2273; x_wconf 79' lang='grc' dir='ltr'><em>καινὰ</em></span> <span class='ocrx_word' id='word_1_125' title='bbox 1325 2206 1451 2294; x_wconf 81' lang='grc' dir='ltr'><strong>γὰρ</strong></span> <span class='ocrx_word' id='word_1_126' title='bbox 1510 2212 1624 2275; x_wconf 86' lang='grc' dir='ltr'><strong>νῦν</strong></span> <span class='ocrx_word' id='word_1_127' title='bbox 1680 2211 1863 2293; x_wconf 80' lang='grc' dir='ltr'><em>μάλα</em></span> <span class='ocrx_word' id='word_1_128' title='bbox 1920 2218 2238 2299; x_wconf 87' lang='grc' dir='ltr'><em>κρείσσω,</em></span> <span class='ocrx_word' id='word_1_129' title='bbox 2298 2219 2391 2283; x_wconf 82' lang='lat' dir='ltr'><strong>sic</strong></span> <span class='ocrx_word' id='word_1_130' title='bbox 2435 2217 2542 2283; x_wconf 79' lang='lat' dir='ltr'><strong>Vel</strong></span> 
     </span>
     <span class='ocr_line' id='line_1_19' title="bbox 221 2309 2540 2395; baseline 0.004 -18"><span class='ocrx_word' id='word_1_131' title='bbox 221 2314 331 2378; x_wconf 82' lang='grc' dir='ltr'><strong>νῦν</strong></span> <span class='ocrx_word' id='word_1_132' title='bbox 377 2309 582 2395; x_wconf 73' lang='grc' dir='ltr'><em>θάμα</em></span> <span class='ocrx_word' id='word_1_133' title='bbox 627 2312 859 2394; x_wconf 89' lang='lat' dir='ltr'><strong>scribo,</strong></span> <span class='ocrx_word' id='word_1_134' title='bbox 907 2332 1047 2378; x_wconf 88' lang='lat' dir='ltr'><strong>cum</strong></span> <span class='ocrx_word' id='word_1_135' title='bbox 1096 2311 1479 2378; x_wconf 89' lang='lat' dir='ltr'><strong>Luthmerus</strong></span> <span class='ocrx_word' id='word_1_136' title='bbox 1525 2314 1632 2391; x_wconf 91' lang='lat' dir='ltr'><strong>(de</strong></span> <span class='ocrx_word' id='word_1_137' title='bbox 1679 2314 2026 2382; x_wconf 88' lang='lat' dir='ltr'><strong>choriamb.</strong></span> <span class='ocrx_word' id='word_1_138' title='bbox 2062 2323 2127 2384; x_wconf 87' lang='lat' dir='ltr'><strong>et</strong></span> <span class='ocrx_word' id='word_1_139' title='bbox 2160 2318 2288 2384; x_wconf 91' lang='lat' dir='ltr'><strong>ion.</strong></span> <span class='ocrx_word' id='word_1_140' title='bbox 2320 2339 2361 2384; x_wconf 90' lang='lat' dir='ltr'><strong>a</strong></span> <span class='ocrx_word' id='word_1_141' title='bbox 2393 2321 2540 2386; x_wconf 90' lang='lat' dir='ltr'><strong>min.</strong></span> 
     </span>
     <span class='ocr_line' id='line_1_20' title="bbox 218 2404 2540 2503; baseline 0.002 -21"><span class='ocrx_word' id='word_1_142' title='bbox 218 2437 278 2502; x_wconf 91' lang='lat' dir='ltr'><strong>p.</strong></span> <span class='ocrx_word' id='word_1_143' title='bbox 315 2420 460 2496; x_wconf 85' lang='lat'>57):</span> <span class='ocrx_word' id='word_1_144' title='bbox 505 2410 632 2499; x_wconf 81' lang='grc' dir='ltr'><strong>γὰρ</strong></span> <span class='ocrx_word' id='word_1_145' title='bbox 664 2405 880 2478; x_wconf 73' lang='grc' dir='ltr'><em>πάνθ’</em></span> <span class='ocrx_word' id='word_1_146' title='bbox 922 2404 1079 2496; x_wconf 72' lang='grc' dir='ltr'><em>ἅμα,</em></span> <span class='ocrx_word' id='word_1_147' title='bbox 1127 2415 1240 2480; x_wconf 90' lang='lat' dir='ltr'><strong>alii</strong></span> <span class='ocrx_word' id='word_1_148' title='bbox 1271 2414 1477 2497; x_wconf 90' lang='lat' dir='ltr'><strong>aliter,</strong></span> <span class='ocrx_word' id='word_1_149' title='bbox 1522 2405 1823 2500; x_wconf 68' lang='grc' dir='ltr'><em>γὰρᾶμα</em></span> <span class='ocrx_word' id='word_1_150' title='bbox 1855 2416 2042 2485; x_wconf 90' lang='lat' dir='ltr'><strong>codd.</strong></span> <span class='ocrx_word' id='word_1_151' title='bbox 2115 2419 2540 2503; x_wconf 90' lang='lat' dir='ltr'><strong>Insequuntur</strong></span> 
     </span>
     <span class='ocr_line' id='line_1_21' title="bbox 222 2517 1749 2601; baseline -0.002 -15"><span class='ocrx_word' id='word_1_152' title='bbox 222 2526 441 2586; x_wconf 92' lang='lat' dir='ltr'><strong>autem</strong></span> <span class='ocrx_word' id='word_1_153' title='bbox 488 2519 682 2584; x_wconf 90' lang='lat' dir='ltr'><strong>ionici</strong></span> <span class='ocrx_word' id='word_1_154' title='bbox 727 2518 1134 2584; x_wconf 88' lang='lat' dir='ltr'><strong>anaclomeni</strong></span> <span class='ocrx_word' id='word_1_155' title='bbox 1178 2517 1420 2601; x_wconf 90' lang='lat' dir='ltr'><strong>speciei</strong></span> <span class='ocrx_word' id='word_1_156' title='bbox 1466 2519 1749 2585; x_wconf 90' lang='lat' dir='ltr'><strong>alterius.</strong></span> 
     </span>
    </p>
   </div>
   <div class='ocr_carea' id='block_1_6' title="bbox 235 2633 2228 2721">
    <p class='ocr_par' dir='ltr' id='par_1_8' title="bbox 235 2633 2228 2721">
     <span class='ocr_line' id='line_1_22' title="bbox 235 2633 2228 2721; baseline 0 -17"><span class='ocrx_word' id='word_1_157' title='bbox 235 2692 242 2697; x_wconf 80' lang='grc'><strong>.</strong></span> <span class='ocrx_word' id='word_1_158' title='bbox 303 2636 591 2704; x_wconf 84' lang='lat' dir='ltr'><strong>Timoth.</strong></span> <span class='ocrx_word' id='word_1_159' title='bbox 623 2638 741 2720; x_wconf 82' lang='lat' dir='ltr'><strong>frg.</strong></span> <span class='ocrx_word' id='word_1_160' title='bbox 781 2641 878 2721; x_wconf 90' lang='lat'><strong>11,</strong></span> <span class='ocrx_word' id='word_1_161' title='bbox 913 2641 981 2703; x_wconf 87' lang='lat'><strong>3:</strong></span> <span class='ocrx_word' id='word_1_162' title='bbox 1027 2633 1144 2701; x_wconf 85' lang='grc' dir='ltr'><strong>τὸν</strong></span> <span class='ocrx_word' id='word_1_163' title='bbox 1190 2634 1522 2717; x_wconf 81' lang='grc' dir='ltr'><em>Κάμωνος</em></span> <span class='ocrx_word' id='word_1_164' title='bbox 1563 2634 1683 2703; x_wconf 83' lang='grc' dir='ltr'><strong>τὸν</strong></span> <span class='ocrx_word' id='word_1_165' title='bbox 1731 2635 2228 2720; x_wconf 78' lang='grc' dir='ltr'><em>ἰωνοκάμπταν.</em></span> 
     </span>
    </p>
   </div>
   <div class='ocr_carea' id='block_1_7' title="bbox 224 2739 2545 3252">
    <p class='ocr_par' dir='ltr' id='par_1_9' title="bbox 224 2739 2545 3252">
     <span class='ocr_line' id='line_1_23' title="bbox 303 2739 2247 2843; baseline -0.001 -18"><span class='ocrx_word' id='word_1_166' title='bbox 303 2758 571 2825; x_wconf 81' lang='lat' dir='ltr'><strong>Pindar.</strong></span> <span class='ocrx_word' id='word_1_167' title='bbox 604 2758 715 2824; x_wconf 81' lang='lat' dir='ltr'><strong>Ist.</strong></span> <span class='ocrx_word' id='word_1_168' title='bbox 747 2757 837 2822; x_wconf 89' lang='lat' dir='ltr'><strong>IV</strong></span> <span class='ocrx_word' id='word_1_169' title='bbox 867 2740 965 2841; x_wconf 67' lang='lat' dir='ltr'><strong>ep.</strong></span> <span class='ocrx_word' id='word_1_170' title='bbox 1004 2763 1059 2822; x_wconf 89' lang='lat'><strong>4.</strong></span> <span class='ocrx_word' id='word_1_171' title='bbox 1093 2778 1153 2824; x_wconf 85' lang='lat' dir='ltr'><strong>v.</strong></span> <span class='ocrx_word' id='word_1_172' title='bbox 1192 2761 1303 2822; x_wconf 85' lang='lat'><strong>16:</strong></span> <span class='ocrx_word' id='word_1_173' title='bbox 1351 2754 1575 2822; x_wconf 73' lang='grc' dir='ltr'><em>θνατὰ</em></span> <span class='ocrx_word' id='word_1_174' title='bbox 1623 2739 1960 2824; x_wconf 72' lang='grc' dir='ltr'><em>θνατοῑσῗ</em></span> <span class='ocrx_word' id='word_1_175' title='bbox 1998 2761 2247 2843; x_wconf 79' lang='grc' dir='ltr'><em>πρέπει</em></span> 
     </span>
     <span class='ocr_line' id='line_1_24' title="bbox 1102 2853 2040 2946; baseline 0.002 -21"><span class='ocrx_word' id='word_1_176' title='bbox 1102 2881 1162 2925; x_wconf 86' lang='lat' dir='ltr'><strong>v.</strong></span> <span class='ocrx_word' id='word_1_177' title='bbox 1198 2864 1309 2926; x_wconf 84' lang='lat'><strong>37:</strong></span> <span class='ocrx_word' id='word_1_178' title='bbox 1349 2853 1667 2946; x_wconf 85' lang='grc' dir='ltr'><em>Ἡρακλῆι</em></span> <span class='ocrx_word' id='word_1_179' title='bbox 1712 2859 2040 2946; x_wconf 82' lang='grc' dir='ltr'><em>πρότερον</em></span> 
     </span>
     <span class='ocr_line' id='line_1_25' title="bbox 1101 2955 2544 3052; baseline 0.004 -24"><span class='ocrx_word' id='word_1_180' title='bbox 1101 2984 1160 3028; x_wconf 86' lang='lat' dir='ltr'><strong>v.</strong></span> <span class='ocrx_word' id='word_1_181' title='bbox 1197 2965 1308 3028; x_wconf 84' lang='lat'><strong>58:</strong></span> <span class='ocrx_word' id='word_1_182' title='bbox 1356 2959 1653 3027; x_wconf 78' lang='grc' dir='ltr'><em>ἐλπίδων</em></span> <span class='ocrx_word' id='word_1_183' title='bbox 1708 2955 1899 3040; x_wconf 72' lang='grc' dir='ltr'><strong>ἔέκνιξ&gt;</strong></span> <span class='ocrx_word' id='word_1_184' title='bbox 1964 2956 2127 3031; x_wconf 68' lang='grc' dir='ltr'><em>ὄπιν</em></span> <span class='ocrx_word' id='word_1_185' title='bbox 2173 2966 2291 3044; x_wconf 85' lang='lat' dir='ltr'><strong>(sic</strong></span> <span class='ocrx_word' id='word_1_186' title='bbox 2334 2967 2544 3052; x_wconf 68' lang='lat' dir='ltr'><strong>codd„</strong></span> 
     </span>
     <span class='ocr_line' id='line_1_26' title="bbox 225 3057 2542 3149; baseline 0.001 -16"><span class='ocrx_word' id='word_1_187' title='bbox 225 3057 432 3133; x_wconf 66' lang='lat' dir='ltr'><strong>{s&#39;uvco&#39;</strong></span> <span class='ocrx_word' id='word_1_188' title='bbox 486 3065 685 3132; x_wconf 88' lang='lat' dir='ltr'><strong>schol.</strong></span> <span class='ocrx_word' id='word_1_189' title='bbox 720 3070 785 3131; x_wconf 94' lang='lat' dir='ltr'><strong>et</strong></span> <span class='ocrx_word' id='word_1_190' title='bbox 818 3064 1023 3143; x_wconf 89' lang='lat' dir='ltr'><strong>edd.);</strong></span> <span class='ocrx_word' id='word_1_191' title='bbox 1071 3066 1416 3149; x_wconf 87' lang='lat' dir='ltr'><strong>respondet</strong></span> <span class='ocrx_word' id='word_1_192' title='bbox 1458 3065 1803 3133; x_wconf 90' lang='lat' dir='ltr'><strong>dimetrum</strong></span> <span class='ocrx_word' id='word_1_193' title='bbox 1834 3066 2226 3135; x_wconf 90' lang='lat' dir='ltr'><strong>trochaicum</strong></span> <span class='ocrx_word' id='word_1_194' title='bbox 2274 3068 2542 3135; x_wconf 90' lang='lat' dir='ltr'><strong>dimetro</strong></span> 
     </span>
     <span class='ocr_line' id='line_1_27' title="bbox 224 3165 2545 3252; baseline -0.002 -15"><span class='ocrx_word' id='word_1_195' title='bbox 224 3170 667 3237; x_wconf 90' lang='lat' dir='ltr'><strong>anaclomeno.</strong></span> <span class='ocrx_word' id='word_1_196' title='bbox 756 3165 946 3234; x_wconf 89' lang='lat' dir='ltr'><strong>Adde</strong></span> <span class='ocrx_word' id='word_1_197' title='bbox 977 3166 1207 3234; x_wconf 89' lang='lat' dir='ltr'><strong>Aesch.</strong></span> <span class='ocrx_word' id='word_1_198' title='bbox 1248 3167 1474 3252; x_wconf 87' lang='lat' dir='ltr'><strong>Suppl.</strong></span> <span class='ocrx_word' id='word_1_199' title='bbox 1527 3173 1641 3232; x_wconf 89' lang='lat'><strong>141</strong></span> <span class='ocrx_word' id='word_1_200' title='bbox 1672 3197 1754 3220; x_wconf 88' lang='lat'><strong><em>=</em></strong></span> <span class='ocrx_word' id='word_1_201' title='bbox 1784 3173 1937 3234; x_wconf 86' lang='lat'>151:</span> <span class='ocrx_word' id='word_1_202' title='bbox 1986 3172 2254 3252; x_wconf 81' lang='grc' dir='ltr'><em>σπέρμα</em></span> <span class='ocrx_word' id='word_1_203' title='bbox 2301 3171 2545 3252; x_wconf 82' lang='grc' dir='ltr'><em>σεμνᾶς</em></span> 
     </span>
    </p>
   </div>
   <div class='ocr_carea' id='block_1_8' title="bbox 225 3261 2544 3457">
    <p class='ocr_par' dir='ltr' id='par_1_10' title="bbox 225 3261 2544 3457">
     <span class='ocr_line' id='line_1_28' title="bbox 225 3261 2544 3356; baseline 0 -19"><span class='ocrx_word' id='word_1_204' title='bbox 225 3276 393 3356; x_wconf 81' lang='grc' dir='ltr'><em>μέγα</em></span> <span class='ocrx_word' id='word_1_205' title='bbox 424 3267 680 3353; x_wconf 82' lang='grc' dir='ltr'><em>ματρὸς</em></span> <span class='ocrx_word' id='word_1_206' title='bbox 712 3261 923 3348; x_wconf 75' lang='grc' dir='ltr'><em>εὐνὰς,</em></span> <span class='ocrx_word' id='word_1_207' title='bbox 957 3275 1021 3336; x_wconf 91' lang='lat' dir='ltr'><strong>et</strong></span> <span class='ocrx_word' id='word_1_208' title='bbox 1049 3269 1189 3336; x_wconf 89' lang='lat' dir='ltr'><strong>fort.</strong></span> <span class='ocrx_word' id='word_1_209' title='bbox 1219 3269 1507 3354; x_wconf 68' lang='lat' dir='ltr'><strong>Choeph.</strong></span> <span class='ocrx_word' id='word_1_210' title='bbox 1534 3272 1917 3337; x_wconf 86' lang='lat'><strong>830=837.</strong></span> <span class='ocrx_word' id='word_1_211' title='bbox 1944 3270 2142 3355; x_wconf 88' lang='lat' dir='ltr'><strong>Soph.</strong></span> <span class='ocrx_word' id='word_1_212' title='bbox 2170 3271 2266 3336; x_wconf 85' lang='lat' dir='ltr'><strong>El.</strong></span> <span class='ocrx_word' id='word_1_213' title='bbox 2301 3273 2426 3335; x_wconf 84' lang='lat'><strong>854</strong></span> <span class='ocrx_word' id='word_1_214' title='bbox 2449 3292 2544 3355; x_wconf 89' lang='lat' dir='ltr'><strong>sq.</strong></span> 
     </span>
     <span class='ocr_line' id='line_1_29' title="bbox 227 3372 2038 3457; baseline 0 -21"><span class='ocrx_word' id='word_1_215' title='bbox 227 3378 455 3440; x_wconf 67' lang='lat' dir='ltr'>oe865</span> <span class='ocrx_word' id='word_1_216' title='bbox 480 3393 576 3457; x_wconf 88' lang='lat' dir='ltr'><strong>sq.</strong></span> <span class='ocrx_word' id='word_1_217' title='bbox 625 3372 719 3439; x_wconf 83' lang='lat' dir='ltr'><strong>of.</strong></span> <span class='ocrx_word' id='word_1_218' title='bbox 765 3372 874 3438; x_wconf 89' lang='lat' dir='ltr'><strong>Ar.</strong></span> <span class='ocrx_word' id='word_1_219' title='bbox 922 3373 1081 3438; x_wconf 87' lang='lat' dir='ltr'><strong>Ran.</strong></span> <span class='ocrx_word' id='word_1_220' title='bbox 1131 3375 1252 3437; x_wconf 84' lang='lat'><strong>326</strong></span> <span class='ocrx_word' id='word_1_221' title='bbox 1283 3393 1361 3432; x_wconf 71' lang='lat' dir='ltr'><strong>m</strong></span> <span class='ocrx_word' id='word_1_222' title='bbox 1394 3374 1535 3437; x_wconf 84' lang='lat'><strong>343.</strong></span> <span class='ocrx_word' id='word_1_223' title='bbox 1583 3372 1846 3439; x_wconf 85' lang='lat' dir='ltr'><strong>Thesm.</strong></span> <span class='ocrx_word' id='word_1_224' title='bbox 1899 3373 2038 3437; x_wconf 89' lang='lat'><strong>108.</strong></span> 
     </span>
    </p>
   </div>
   <div class='ocr_carea' id='block_1_9' title="bbox 228 3490 2552 4192">
    <p class='ocr_par' dir='ltr' id='par_1_11' title="bbox 228 3490 2552 4192">
     <span class='ocr_line' id='line_1_30' title="bbox 402 3490 2548 3560; baseline -0 -2"><span class='ocrx_word' id='word_1_225' title='bbox 402 3493 609 3559; x_wconf 91' lang='lat' dir='ltr'><strong>Venio</strong></span> <span class='ocrx_word' id='word_1_226' title='bbox 634 3490 718 3558; x_wconf 90' lang='lat' dir='ltr'><strong>ad</strong></span> <span class='ocrx_word' id='word_1_227' title='bbox 743 3497 988 3558; x_wconf 88' lang='lat' dir='ltr'><strong>ceteras</strong></span> <span class='ocrx_word' id='word_1_228' title='bbox 1011 3492 1568 3558; x_wconf 90' lang='lat' dir='ltr'><strong>anaclomenorum</strong></span> <span class='ocrx_word' id='word_1_229' title='bbox 1595 3492 1854 3557; x_wconf 89' lang='lat' dir='ltr'><strong>formas.</strong></span> <span class='ocrx_word' id='word_1_230' title='bbox 1903 3490 2311 3557; x_wconf 89' lang='lat' dir='ltr'><strong>Probandum</strong></span> <span class='ocrx_word' id='word_1_231' title='bbox 2333 3497 2548 3560; x_wconf 90' lang='lat' dir='ltr'><strong>autem</strong></span> 
     </span>
     <span class='ocr_line' id='line_1_31' title="bbox 229 3594 2549 3677; baseline -0.002 -13"><span class='ocrx_word' id='word_1_232' title='bbox 229 3603 326 3665; x_wconf 89' lang='lat' dir='ltr'><strong>est</strong></span> <span class='ocrx_word' id='word_1_233' title='bbox 349 3617 496 3663; x_wconf 90' lang='lat' dir='ltr'><strong>eam</strong></span> <span class='ocrx_word' id='word_1_234' title='bbox 527 3594 756 3677; x_wconf 89' lang='lat' dir='ltr'><strong>thesin,</strong></span> <span class='ocrx_word' id='word_1_235' title='bbox 790 3594 1042 3677; x_wconf 88' lang='lat' dir='ltr'><strong>quaein</strong></span> <span class='ocrx_word' id='word_1_236' title='bbox 1067 3595 1160 3660; x_wconf 91' lang='lat' dir='ltr'><strong>eis</strong></span> <span class='ocrx_word' id='word_1_237' title='bbox 1184 3594 1470 3676; x_wconf 87' lang='lat' dir='ltr'><strong>sequitur</strong></span> <span class='ocrx_word' id='word_1_238' title='bbox 1500 3594 1672 3659; x_wconf 88' lang='lat' dir='ltr'><strong>arsin</strong></span> <span class='ocrx_word' id='word_1_239' title='bbox 1704 3594 2158 3675; x_wconf 88' lang='lat' dir='ltr'><strong>irrationalem,</strong></span> <span class='ocrx_word' id='word_1_240' title='bbox 2191 3594 2347 3660; x_wconf 90' lang='lat' dir='ltr'><strong>item</strong></span> <span class='ocrx_word' id='word_1_241' title='bbox 2378 3594 2549 3663; x_wconf 88' lang='lat' dir='ltr'><strong>affici</strong></span> 
     </span>
     <span class='ocr_line' id='line_1_32' title="bbox 228 3695 2549 3779; baseline -0.001 -14"><span class='ocrx_word' id='word_1_242' title='bbox 228 3699 740 3767; x_wconf 87' lang='lat' dir='ltr'><strong>irrationalitate.</strong></span> <span class='ocrx_word' id='word_1_243' title='bbox 827 3697 922 3764; x_wconf 89' lang='lat' dir='ltr'><strong>Ac</strong></span> <span class='ocrx_word' id='word_1_244' title='bbox 967 3697 1317 3764; x_wconf 89' lang='lat' dir='ltr'><strong>solutiones</strong></span> <span class='ocrx_word' id='word_1_245' title='bbox 1370 3695 1633 3779; x_wconf 88' lang='lat' dir='ltr'><strong>quidem</strong></span> <span class='ocrx_word' id='word_1_246' title='bbox 1679 3697 1744 3762; x_wconf 91' lang='lat' dir='ltr'><strong>in</strong></span> <span class='ocrx_word' id='word_1_247' title='bbox 1788 3697 2221 3763; x_wconf 89' lang='lat' dir='ltr'><strong>anaclomenis</strong></span> <span class='ocrx_word' id='word_1_248' title='bbox 2265 3716 2411 3764; x_wconf 86' lang='lat' dir='ltr'><strong>raro</strong></span> <span class='ocrx_word' id='word_1_249' title='bbox 2457 3699 2549 3762; x_wconf 91' lang='lat' dir='ltr'><strong>in-</strong></span> 
     </span>
     <span class='ocr_line' id='line_1_33' title="bbox 229 3797 2550 3884; baseline -0.002 -14"><span class='ocrx_word' id='word_1_250' title='bbox 229 3804 593 3870; x_wconf 86' lang='lat' dir='ltr'><strong>veniuntur.</strong></span> <span class='ocrx_word' id='word_1_251' title='bbox 654 3800 730 3866; x_wconf 91' lang='lat' dir='ltr'><strong>In</strong></span> <span class='ocrx_word' id='word_1_252' title='bbox 761 3801 1029 3884; x_wconf 83' lang='lat' dir='ltr'><strong>syzygia</strong></span> <span class='ocrx_word' id='word_1_253' title='bbox 1060 3800 1338 3867; x_wconf 88' lang='lat' dir='ltr'><strong>iambica</strong></span> <span class='ocrx_word' id='word_1_254' title='bbox 1367 3797 1738 3866; x_wconf 88' lang='lat' dir='ltr'><strong>choriambo</strong></span> <span class='ocrx_word' id='word_1_255' title='bbox 1771 3799 2082 3883; x_wconf 84' lang='lat' dir='ltr'><strong>admixta,</strong></span> <span class='ocrx_word' id='word_1_256' title='bbox 2114 3797 2314 3867; x_wconf 91' lang='lat' dir='ltr'><strong>thesis</strong></span> <span class='ocrx_word' id='word_1_257' title='bbox 2345 3801 2550 3866; x_wconf 90' lang='lat' dir='ltr'><strong>altera</strong></span> 
     </span>
     <span class='ocr_line' id='line_1_34' title="bbox 230 3903 2548 3987; baseline -0.002 -14"><span class='ocrx_word' id='word_1_258' title='bbox 230 3907 505 3974; x_wconf 86' lang='lat' dir='ltr'><strong>solvitur</strong></span> <span class='ocrx_word' id='word_1_259' title='bbox 539 3905 734 3970; x_wconf 89' lang='lat' dir='ltr'><strong>etiam</strong></span> <span class='ocrx_word' id='word_1_260' title='bbox 764 3908 918 3985; x_wconf 90' lang='lat' dir='ltr'><strong>tum,</strong></span> <span class='ocrx_word' id='word_1_261' title='bbox 951 3924 1095 3970; x_wconf 91' lang='lat' dir='ltr'><strong>cum</strong></span> <span class='ocrx_word' id='word_1_262' title='bbox 1127 3904 1288 3970; x_wconf 91' lang='lat' dir='ltr'><strong>arsis</strong></span> <span class='ocrx_word' id='word_1_263' title='bbox 1319 3903 1494 3987; x_wconf 88' lang='lat' dir='ltr'><strong>prior</strong></span> <span class='ocrx_word' id='word_1_264' title='bbox 1527 3909 1624 3970; x_wconf 90' lang='lat' dir='ltr'><strong>est</strong></span> <span class='ocrx_word' id='word_1_265' title='bbox 1654 3903 1879 3986; x_wconf 86' lang='lat' dir='ltr'><strong>longa:</strong></span> <span class='ocrx_word' id='word_1_266' title='bbox 1925 3903 2155 3970; x_wconf 89' lang='lat' dir='ltr'><strong>Anacr.</strong></span> <span class='ocrx_word' id='word_1_267' title='bbox 2188 3903 2308 3985; x_wconf 86' lang='lat' dir='ltr'><strong>frg.</strong></span> <span class='ocrx_word' id='word_1_268' title='bbox 2344 3905 2444 3986; x_wconf 85' lang='lat'><strong>32,</strong></span> <span class='ocrx_word' id='word_1_269' title='bbox 2478 3906 2548 3968; x_wconf 83' lang='lat'><strong>2:</strong></span> 
     </span>
     <span class='ocr_line' id='line_1_35' title="bbox 232 3986 2548 4091; baseline -0.002 -18"><span class='ocrx_word' id='word_1_270' title='bbox 232 4002 437 4087; x_wconf 85' lang='grc' dir='ltr'><em>οἶνον,</em></span> <span class='ocrx_word' id='word_1_271' title='bbox 484 3986 854 4090; x_wconf 66' lang='grc' dir='ltr'><em>τρικῖαθον</em></span> <span class='ocrx_word' id='word_1_272' title='bbox 882 4005 1153 4091; x_wconf 82' lang='grc' dir='ltr'><em>κελέβην</em></span> <span class='ocrx_word' id='word_1_273' title='bbox 1195 4002 1452 4085; x_wconf 72' lang='grc' dir='ltr'><em>ἔχουσα,</em></span> <span class='ocrx_word' id='word_1_274' title='bbox 1500 4003 1670 4072; x_wconf 83' lang='lat' dir='ltr'><strong>unde</strong></span> <span class='ocrx_word' id='word_1_275' title='bbox 1701 4005 1906 4089; x_wconf 86' lang='lat' dir='ltr'><strong>liquet</strong></span> <span class='ocrx_word' id='word_1_276' title='bbox 1936 4004 2145 4072; x_wconf 83' lang='lat' dir='ltr'><strong>thesin</strong></span> <span class='ocrx_word' id='word_1_277' title='bbox 2177 4004 2548 4071; x_wconf 83' lang='lat' dir='ltr'><strong>choriambo</strong></span> 
     </span>
     <span class='ocr_line' id='line_1_36' title="bbox 230 4106 2552 4192; baseline -0.004 -14"><span class='ocrx_word' id='word_1_278' title='bbox 230 4109 726 4178; x_wconf 89' lang='lat' dir='ltr'><strong>antecedentem</strong></span> <span class='ocrx_word' id='word_1_279' title='bbox 758 4109 935 4175; x_wconf 91' lang='lat' dir='ltr'><strong>nullo</strong></span> <span class='ocrx_word' id='word_1_280' title='bbox 967 4107 1160 4174; x_wconf 89' lang='lat' dir='ltr'><strong>modo</strong></span> <span class='ocrx_word' id='word_1_281' title='bbox 1207 4109 1529 4176; x_wconf 90' lang='lat' dir='ltr'><strong>trisemam</strong></span> <span class='ocrx_word' id='word_1_282' title='bbox 1563 4127 1705 4176; x_wconf 89' lang='lat' dir='ltr'><strong>esse</strong></span> <span class='ocrx_word' id='word_1_283' title='bbox 1736 4128 1946 4192; x_wconf 88' lang='lat' dir='ltr'><strong>posse,</strong></span> <span class='ocrx_word' id='word_1_284' title='bbox 1993 4128 2076 4174; x_wconf 86' lang='lat' dir='ltr'><strong>ex</strong></span> <span class='ocrx_word' id='word_1_285' title='bbox 2108 4127 2234 4191; x_wconf 88' lang='lat' dir='ltr'><strong>quo</strong></span> <span class='ocrx_word' id='word_1_286' title='bbox 2266 4106 2552 4188; x_wconf 87' lang='lat' dir='ltr'><strong>sequitur</strong></span> 
     </span>
    </p>
   </div>
  </div>
 </body>
</html>
