3177 4960
886 343 968 399 De
1002 342 1419 399 irrationalitate
1454 343 1637 399 studia
1670 343 1990 413 rhythmica.
2473 348 2591 408 271

271 518 500 587 Oritur
544 523 759 584 autem
804 518 1248 589 ex,solutione
1305 537 1432 584 non
1478 523 1609 583 tam
1657 519 1759 583 vis
1804 518 2052 584 numeri
2105 538 2298 602 quam
2344 520 2597 588 incerti-

268 621 435 688 tudo
496 619 850 703 quaedam,
907 640 1050 687 cum
1115 620 1299 686 varia
1356 626 1561 686 metra
1620 625 1686 686 et
1727 620 1932 705 pedes
1988 619 2261 687 eandem
2319 621 2598 690 habeant

268 724 663 790 solutionem
712 719 959 809 (κοινὴν
991 719 1179 787 λύσιν
1211 721 1426 807 Heph.
1457 744 1518 808 p.
1555 727 1630 789 31
1663 723 1810 805 W.),
1858 722 2036 789 velut
2065 722 2444 791 Anacreont.
2476 726 2594 809 frg.

270 828 377 891 24.
417 829 557 909 25.;
604 827 780 893 Pers.
812 829 913 891 96.
1003 826 1098 892 Ac
1145 825 1571 892 solutionibus
1618 831 1753 892 tum
1797 825 2203 909 potissimum
2246 828 2339 892 uti
2372 833 2596 912 poetas

269 934 550 1012 constat,
600 929 656 995 si
699 927 1197 1012 trepidationem
1256 928 1453 993 animi
1499 927 1864 1012 significare
1911 927 2286 1011 studebant,
2344 930 2410 994 in
2454 950 2596 1013 gra·

271 1031 561 1098 vissimis
632 1050 787 1098 vero
841 1051 918 1097 ac
975 1029 1411 1097 stabilissimis
1468 1031 1724 1113 metris,
1794 1030 1972 1097 velut
2037 1029 2595 1116 dactyloepitritis,

268 1134 658 1217 parcissime
703 1131 1133 1199 admittebant
1177 1132 1582 1200 solutionem.
1675 1132 1857 1211 Quae
1904 1152 2049 1198 cum
2106 1134 2198 1199 ita
2240 1134 2392 1210 sint,
2453 1153 2597 1200 cum

271 1234 651 1302 notionibus
699 1235 837 1301 istis
882 1235 1065 1302 vanis
1114 1240 1309 1318 atque
1357 1235 1622 1300 arbitrio
1669 1236 1860 1301 nimis
1907 1235 2243 1317 subiectis,
2303 1236 2598 1318 quamvis

269 1343 499 1408 nostra
543 1344 757 1404 aetate
803 1357 845 1403 a
889 1337 1172 1404 musicae
1232 1337 1537 1404 studiosis
1583 1338 1938 1421 peritisque
1995 1337 2374 1422 saepissime
2420 1357 2596 1404 usur-

273 1446 543 1525 pentur,
605 1437 768 1506 nihil
810 1438 1224 1516 adiuvemur,
1287 1459 1397 1506 eas
1443 1460 1484 1505 a
1527 1439 1932 1523 rhythmicae
1980 1459 2253 1523 graecae
2299 1438 2598 1524 disquisi-

272 1544 453 1610 tione
521 1543 746 1627 procul
803 1542 1032 1609 abesse
1091 1543 1306 1609 velim.
1353 1577 1435 1588 -
1482 1539 1642 1619 Quis
1705 1542 1988 1624 denique
2047 1542 2270 1609 credat
2314 1544 2599 1625 tragicae

272 1647 436 1711 artis
482 1666 524 1710 a
568 1644 816 1711 comica
859 1644 1261 1712 differentias
1306 1645 1552 1728 positas
1602 1663 1743 1711 esse
1792 1646 1857 1709 in
1888 1643 2297 1729 pulmonibus
2346 1643 2597 1711 histrio-

275 1748 482 1814 num?
544 1747 823 1831 tragicos
868 1748 999 1814 illis
1045 1747 1410 1824 indulsisse,
1458 1747 1742 1813 comicos
1786 1765 1914 1812 non
1961 1745 2159 1812 item?

452 1850 683 1933 Neque
716 1870 869 1918 vero
901 1850 1107 1917 altera
1137 1870 1353 1933 causa,
1387 1868 1581 1933 quam
1616 1849 1884 1934 protulit
1905 1847 2329 1931 Hermannus‚
2363 1846 2600 1914 idonea

275 1960 377 2021 est
432 1952 522 2020 ad
579 1973 714 2019 rem
782 1951 1305 2036 intellegendam.
1409 1952 1579 2018 Nam
1627 1950 1796 2018 hanc
1851 1951 1986 2017 fere
2046 1950 2349 2035 proponit
2417 1949 2596 2028 (ibid.

277 2078 339 2141 p.
366 2056 578 2135 XLII)
603 2055 845 2140 dactyli
876 2075 918 2121 a
944 2054 1115 2140 pede
1146 2054 1542 2139 paenultimo
1575 2054 1826 2121 exclusi
1859 2073 2140 2136 causam,
2173 2051 2368 2136 quod,
2402 2072 2598 2136 quum

276 2160 575 2244 plerique
621 2178 844 2226 versus
888 2159 1159 2225 trimetri
1206 2157 1379 2224 arsin
1441 2158 1650 2241 quinti
1706 2156 1897 2241 pedis
1955 2155 2230 2222 solutam
2290 2153 2600 2221 habentes

279 2262 600 2329 vocabulo
647 2259 1135 2344 quadrisyllabo
1170 2258 1573 2341 definiantur,
1621 2258 1833 2342 prima
1865 2257 2122 2342 syllaba
2152 2258 2358 2339 quinti
2391 2255 2597 2340 pedis,

278 2365 331 2430 si
378 2366 436 2431 is
494 2383 612 2448 pes
670 2362 966 2446 dactylus
1012 2369 1212 2444 esset,
1278 2362 1342 2426 in
1388 2360 1514 2427 fine
1561 2360 1863 2426 vocabuli
1908 2359 2121 2425 futura
2166 2365 2367 2441 esset,
2428 2358 2601 2443 quod

279 2467 532 2534 evitari.
624 2467 711 2532 At
754 2485 835 2533 ne
880 2465 945 2531 in
994 2463 1117 2533 hoc
1162 2463 1424 2550 quidem
1470 2462 1888 2547 acquiescere
1934 2479 2214 2547 possum.
2304 2460 2472 2527 Nam
2519 2480 2599 2526 ne

279 2571 545 2653 tragicis
590 2568 851 2653 quidem
898 2588 1161 2636 necesse
1222 2573 1359 2634 erat
1402 2588 1443 2631 a
1487 2564 1914 2632 solutionibus
1967 2564 2250 2647 incipere
2297 2563 2598 2646 verbum3

280 2670 646 2757 Aeschylus
703 2672 872 2738 enim
932 2676 995 2738 et
1040 2669 1399 2753 Sophocles
1456 2670 1523 2734 in
1580 2667 1805 2751 quinto
1867 2665 2035 2750 pede
2081 2665 2349 2732 trimetri
2396 2664 2598 2731 admi-

279 2781 500 2842 serunt
545 2774 894 2841 solutiones
942 2772 1057 2840 has
1107 2772 1210 2849 (cf.
1244 2770 1517 2839 Seidler.
1551 2768 1635 2835 de
1666 2788 1857 2835 versu
1890 2766 2142 2834 dochm.
2175 2787 2239 2852 p.
2272 2768 2396 2833 390
2428 2787 2599 2866 sqq.3
2714 2865 2718 2869 .

279 2878 516 2943 Muller
547 2876 629 2943 de
661 2875 807 2960 ped.
844 2876 959 2942 sol.
995 2878 1070 2952 ξς
1103 2878 1162 2958 6,
1202 2880 1257 2938 4.
1298 2879 1398 2957 11,
1431 2878 1489 2937 4.
1527 2876 1627 2956 15,
1661 2873 1757 2950 2):

279 2983 464 3047 Eum.
541 2981 699 3045 480:
747 2970 1099 3065 ἀμφότερα
1143 2980 1368 3059 μένειν
1550 2975 1650 3041 Ai.
1738 2977 1894 3039 459:
1943 2970 2148 3038 πέόια
2192 2969 2371 3037 τάδε.

352 3134 392 3167 ,,
544 3087 698 3149 7973
743 3079 1078 3164 μαρτύρια
1124 3080 1351 3164 παρῆν
1547 3079 1645 3143 ΕΙ.
1741 3079 1890 3141 1423
1939 3068 2217 3157 οὗόεμία
2260 3075 2477 3138 κακῶν

283 3185 510 3271 Suppl.
539 3187 693 3251 388:
741 3180 1058 3268 ἐγγύτατα
1102 3185 1329 3267 γένους
1577 3228 1617 3266 ,,
1737 3182 1893 3245 3263
1942 3174 2226 3262 ἐντάφια
2265 3186 2487 3257 χεροῖν

283 3274 355 3355 Ο.
390 3290 466 3355 R.
540 3288 692 3351 719:
740 3283 837 3360 εἰς
882 3279 1133 3367 ἄβατον
1181 3277 1339 3369 ὅρος
1550 3283 1698 3348 Ant.
1746 3282 1903 3344 4183
1951 3270 2261 3362 οὐράνιον
2309 3269 2485 3357 ἄχος.

352 3441 389 3475 ,,
496 3391 688 3454 14963
735 3390 998 3472 πατέρα
1044 3384 1288 3473 πατήρ.

280 3494 510 3577 Itaque
568 3490 731 3557 nihil
789 3490 1121 3572 obstabat,
1184 3489 1520 3573 quominus
1579 3485 1883 3568 exempla
1938 3482 2053 3547 illa
2109 3481 2312 3548 secuti
2373 3481 2600 3564 tragici

284 3596 686 3661 imitarentur
731 3593 941 3659 exitus
995 3611 1295 3658 versuum
1354 3587 1526 3674 apud
1575 3586 1855 3653 comicos
1901 3605 2029 3651 non
2075 3585 2167 3650 ita
2208 3602 2418 3650 raros:
2476 3583 2598 3649 Av.

283 3701 399 3765 953
450 3694 517 3761 οἱ
550 3691 806 3759 δώδεκα
845 3696 1022 3766 θεοί,
1070 3693 1264 3777 Vesp.
1302 3694 1496 3756 1250:
1545 3686 1641 3764 εἰς
1675 3684 2175 3774 Φιλοκτήμονος
2217 3682 2387 3768 ἰ’μεν,
2434 3685 2599 3749 Plut.

283 3802 440 3865 432:
503 3789 739 3862 αὐτίκα
794 3793 1008 3881 μάλα,
1068 3796 1233 3864 Plut.
1297 3795 1491 3858 11483
1552 3787 1801 3855 ἐνθάδε
1859 3800 2098 3873 μενεῖς.
2168 3821 2241 3834 -
2305 3788 2402 3852 Ac
2458 3805 2602 3853 cum

282 3922 366 3970 ne
413 3900 665 3967 medias
710 3897 969 3982 quidem
1014 3899 1199 3965 verbi
1259 3896 1545 3981 syllabas
1606 3895 1861 3962 solvere
1920 3892 2146 3976 tragici
2204 3889 2391 3956 veriti
2450 3888 2596 3971 sint,

284 4011 356 4072 ut
400 4005 469 4069 in
499 4003 709 4087 primo
738 4001 926 4086 pede,
975 4001 1039 4065 in
1070 4002 1274 4067 altero
1306 3999 1563 4078 (Muller
1592 3997 1696 4064 de.
1730 3995 1880 4082 ped.
1913 3996 2029 4063 sol.
2061 3997 2097 4071 ξ
2130 3995 2189 4076 8,
2222 3995 2283 4057 2.
2314 3994 2350 4068 ξ
2389 3995 2484 4073 13,
2518 3991 2600 4073 2),

284 4109 352 4172 in
383 4113 614 4191 quarto
646 4105 803 4181 (Ion.
838 4107 938 4167 54.
964 4102 1198 4170 Bacch.
1240 4105 1423 4167 1276.
1454 4099 1821 4193 Iph.0Taur.
1861 4102 2043 4163 1371.
2074 4092 2394 4244 Iphigfful.
2431 4092 2599 4174 523),
