3177 4960
904 324 987 378 De
1021 324 1438 379 irrationalitate
1474 325 1658 379 studia
1692 325 2014 395 rhythmica.
2044 405 2047 409 ,
2491 325 2609 384 181

1245 598 1533 666 CAPUT
1581 599 1663 663 II.

400 751 521 829 De
570 754 1210 851 qrammatz’eorum
1266 753 1448 828 locis
1502 751 1932 851 quibusdam
1950 812 1968 846 ,
2028 755 2158 852 qui
2200 760 2368 830 sunt
2418 753 2511 830 de

1064 868 1517 971 rhythmicae
1570 869 1836 947 indole.

467 1009 956 1093 Absolvendum
1002 1033 1216 1094 autem
1261 1028 1390 1092 iam
1432 1045 1604 1091 nunc
1650 1026 1732 1091 (16
1768 1026 2329 1109 grammaticorum
2375 1028 2534 1094 locis
2548 1031 2611 1110 ¹),

297 1129 533 1211 quibus
580 1134 645 1194 et
688 1129 754 1193 in
798 1130 1035 1212 pedum
1085 1129 1477 1212 differentia,
1524 1128 1782 1211 qualem
1826 1124 1945 1210 τὴν
1990 1125 2157 1191 κατὰ
2206 1130 2421 1215 σχῆμα
2468 1150 2612 1198 esse

295 1229 650 1312 contendit,
695 1230 1092 1299 declaranda
1134 1232 1358 1297 nititur
1388 1229 1828 1313 Westphalius
1875 1237 1939 1295 et
1983 1231 2180 1295 alium
2223 1231 2414 1298 aliter
2457 1233 2613 1298 abu-

295 1353 440 1399 sum
471 1351 614 1398 esse
644 1334 774 1398 iam
804 1340 952 1400 ante
983 1333 1103 1401 hos
1133 1335 1396 1418 triginta
1425 1352 1626 1399 annos
1659 1338 1920 1416 questus
1953 1339 2050 1399 est
2071 1333 2310 1400 Caesar
2340 1333 2611 1411 (Grund-

295 1443 461 1518 zuge
492 1434 609 1500 der
636 1455 728 1518 gr.
762 1435 881 1500 Rh.
916 1436 1017 1502 ed.
1050 1457 1108 1503 a.
1148 1439 1305 1502 1861
1342 1457 1404 1519 p.
1439 1434 1574 1520 96);
1614 1436 1769 1518 quin
1801 1441 2001 1518 erant,
2036 1436 2145 1517 qui
2177 1436 2422 1502 eisdem
2452 1438 2614 1504 locis

294 1538 447 1603 freti
491 1539 748 1604 omnino
794 1539 1145 1623 quidquam
1193 1540 1275 1605 de
1320 1540 1491 1606 veris
1535 1536 1943 1622 rhythmicae
1988 1540 2301 1605 mensuris
2348 1559 2430 1605 ex
2460 1559 2612 1624 poe-

294 1648 506 1706 tarum
552 1642 939 1708 carminibus
970 1643 1272 1725 cognosci
1301 1660 1494 1724 posse
1526 1640 1943 1723 desperarent
1988 1640 2202 1724 (Spiro
2235 1642 2301 1706 in
2332 1641 2612 1709 Hermae

294 1742 426 1807 vol.
458 1742 685 1807 XXIII
715 1764 776 1828 p.
810 1746 928 1806 241
966 1749 1151 1828 sqq.).

473 1843 756 1922 Quorum
798 1847 1105 1930 locorum,
1161 1849 1273 1930 qui
1318 1853 1464 1914 sunt
1509 1845 1591 1911 de
1636 1846 1832 1929 longa
1875 1845 2275 1928 longioribus
2322 1851 2386 1911 et
2429 1846 2615 1913 brevi

295 1948 702 2014 brevioribus
748 1949 1043 2033 (Dionys.
1090 1950 1238 2014 Hal.
1287 1949 1369 2015 de
1415 1969 1623 2032 comp.
1672 1948 1849 2014 verb.
1896 1968 1989 2014 cc.
2027 1951 2099 2011 11
2140 1954 2204 2013 et
2235 1952 2314 2011 15
2361 1954 2427 2015 et
2454 1948 2612 2014 Mar.

297 2051 539 2116 Victor.
572 2072 634 2134 p.
670 2053 749 2116 39
775 2053 884 2128 Κ.)
913 2072 1059 2118 cum
1089 2073 1216 2118 non
1248 2051 1514 2118 dubium
1546 2052 1648 2135 sit,
1693 2051 1847 2135 quin
1879 2070 1961 2117 ex
1993 2051 2162 2117 bono
2192 2051 2367 2117 fonte
2398 2072 2614 2117 mana-

297 2153 541 2220 verint:
589 2155 700 2237 qui
744 2153 828 2220 de
872 2154 1274 2237 rhythmicae
1322 2161 1386 2220 et
1429 2154 1734 2220 metricae
1780 2154 2151 2220 discrimine
2197 2160 2361 2237 sunt,
2409 2155 2614 2238 inqui-

297 2257 435 2321 nati
480 2261 546 2322 et
590 2257 872 2339 corrupti
917 2263 1063 2322 sunt
1105 2257 1669 2340 grammaticorum
1701 2257 1975 2323 inscitia.
2063 2256 2245 2323 Haec
2274 2263 2492 2322 autem
2522 2259 2615 2324 eis

297 2356 652 2439 significari
698 2357 858 2422 mihi
903 2360 1216 2441 persuasi.
1305 2359 1719 2425 Metricorum
1764 2360 2046 2424 rationes
2091 2379 2169 2425 ac
2211 2358 2533 2443 principia
2575 2380 2618 2425 a
2691 2436 2694 2439 ,

296 2456 806 2540 rhythmicorum
838 2466 986 2525 sunt
1015 2460 1294 2528 diversa.
1382 2460 1633 2526 Metrici
1679 2460 1849 2525 enim
1885 2466 2145 2525 utuntur
2190 2460 2418 2540 eadem
2449 2479 2616 2527 sem-

298 2581 416 2644 per
460 2562 855 2646 syllabarum
901 2563 1323 2645 dimensione,
1371 2582 1565 2646 quam
1596 2568 1824 2627 natura
1867 2563 1934 2626 in
1965 2563 2058 2627 eis
2104 2562 2316 2629 inesse
2348 2563 2618 2629 credunt

297 2661 475 2741 (οἵας
520 2660 720 2748 φύσει
764 2664 1164 2751 παρείληφε,
1214 2714 1230 2729 .
1264 2714 1280 2729 .
1315 2714 1329 2729 .
1365 2711 1378 2725 .
1422 2660 1741 2739 τοιαύτας
1773 2660 2098 2750 φυλάττει
2140 2665 2408 2749 Dionys.
2443 2685 2496 2731 6.
2537 2671 2609 2729 11

296 2794 384 2816 =
428 2773 620 2851 prout
676 2770 985 2851 cuiusque
1042 2768 1336 2851 syllabae
1393 2766 1731 2850 longitudo
1789 2786 1866 2833 ac
1912 2767 2196 2834 brevitas
2240 2768 2464 2851 fuerit,
2526 2769 2619 2833 ita

298 2876 661 2952 temporum
707 2871 920 2954 spatia
965 2870 1218 2936 definiri
1262 2871 1420 2935 Mar.
1455 2870 1620 2936 Vict.
1654 2890 1717 2952 p.
1752 2872 1877 2952 39),
1923 2870 2017 2934 ita
2060 2875 2129 2934 ut
2172 2870 2431 2953 longam
2474 2890 2617 2937 esse

296 2974 536 3056 longae
566 2991 863 3056 aequam,
896 2974 1079 3039 brevi
1110 2973 1492 3039 alterotanto
1524 2973 1855 3055 maiorem,
1891 2972 2155 3037 brevem
2186 2977 2402 3038 autem
2433 2973 2618 3040 brevi

299 3094 596 3158 aequam,
642 3077 880 3159 longae
911 3076 1249 3141 dimidiam
1280 3082 1563 3142 statuant
1595 3075 1891 3158 (Longin.
1924 3075 1987 3157 p.
2022 3076 2123 3159 92,
2158 3077 2237 3140 20
2271 3075 2415 3154 W.).
2489 3077 2616 3142 Ita-

300 3198 427 3262 que
473 3179 808 3263 syzygiam
839 3176 1238 3244 trochaicam-
1262 3178 1709 3260 iambicamm,
1757 3196 1923 3260 quae
1967 3178 2170 3243 alt-ero
2206 3177 2377 3261 pede
2423 3179 2618 3242 utitur

300 3280 627 3364 spondeo,
687 3278 1133 3363 heptasemam
1193 3300 1335 3347 esse
1394 3280 1817 3347 consentiunt.
1864 3313 1950 3322 —
2006 3277 2380 3361 Rhythmici
2438 3297 2615 3362 vero,

301 3403 449 3448 cum
481 3383 767 3467 syllabas
813 3382 1114 3467 rhythmo
1156 3383 1467 3467 adaptent
1514 3374 2004 3461 (ἀπευθύνουσι
2032 3392 2177 3456 τοῖς
2205 3372 2466 3463 χρόνοις
2494 3378 2619 3457 τὰς

302 3481 641 3567 συλλαβάς
686 3486 952 3568 Dionys.
984 3506 1036 3552 c.
1077 3491 1148 3549 11
1185 3514 1269 3536 =
1300 3492 1663 3568 temporum
1706 3483 1971 3548 arbitrio
2016 3486 2302 3569 syllabas
2334 3485 2616 3550 commit·

477 3672 527 3734 1)
565 3669 791 3723 Collecti
828 3675 957 3723 sunt
991 3685 1024 3724 a
1050 3668 1392 3737 Westphalio
1432 3668 1646 3736 Fragm.
1676 3685 1728 3722 u.
1753 3665 2054 3721 Lehrsatze
2088 3684 2142 3735 p.
2169 3670 2235 3721 42
2254 3682 2354 3736 sq„
2391 3674 2618 3737 excepto

299 3768 366 3808 eo
380 3794 394 3819 ,
433 3755 526 3822 qui
561 3754 846 3808 maximam
881 3753 1241 3822 integritatem
1277 3768 1342 3808 ac
1375 3752 1537 3807 fidem
1578 3755 1863 3821 praestare
1899 3751 2029 3805 mihi
2062 3751 2303 3817 videtur,
2349 3750 2451 3819 frg.
2489 3754 2619 3807 Am-

298 3839 538 3894 brosian.
566 3854 653 3908 ap.
681 3838 821 3893 Keil.
848 3840 990 3895 anal.
1006 3855 1239 3908 gramm.
1264 3856 1319 3908 p.
1352 3843 1411 3891 12
1439 3838 1571 3892 etin
1597 3837 1731 3892 Lex.
1758 3837 1992 3892 Vindob.
2032 3838 2113 3892 ed.
2140 3836 2356 3891 Nauck.
2382 3839 2615 3907 append.

295 3942 354 3994 p.
383 3927 484 3977 266
519 3928 576 3978 et
611 3923 964 3979 Studemund.
1012 3924 1201 3978 anecd.
1239 3939 1351 3978 var.
1388 3924 1417 3977 I
1449 3939 1505 3992 p.
1533 3924 1653 3977 231.
1723 3922 1881 3975 Adde
1926 3926 2213 3990 praeterea
2246 3921 2348 3989 frg.
2385 3922 2615 3978 Parisin.

300 4010 580 4066 vincentii
615 4008 724 4077 §3‚
758 4027 815 4079 p.
843 4014 926 4078 78,
957 4016 1012 4064 11
1039 4010 1160 4077 W.‚
1202 4010 1449 4079 Dionysii
1484 4008 1609 4064 Hal.
1659 4009 1724 4062 de
1761 4023 1936 4077 comp.
1984 4008 2129 4063 verb.
2171 4023 2217 4062 c.
2248 4012 2341 4073 15,
2389 4008 2619 4077 Longini

299 4096 445 4165 prol.
480 4095 553 4150 ad
588 4094 767 4163 Heph.
804 4112 859 4164 p.
887 4098 970 4161 92,
997 4098 1060 4148 20
1097 4094 1180 4150 ed.
1217 4094 1468 4164 Westph.
1506 4093 1694 4163 script.
1730 4097 1884 4147 metr.
1922 4109 2001 4160 gr.
