3177 4960
838 354 923 407 De
956 353 1371 409 irrationalitate
1407 354 1590 409 studia
1624 355 1944 427 rhythmica.
2424 356 2547 414 235

217 529 643 594 intervallum
689 527 849 593 illud
897 521 1172 611 ἄλογον,
1233 527 1407 611 quod
1451 529 1748 594 statuitur
1793 529 1858 594 in
1903 528 2332 616 παραλλαγῇ,
2393 551 2547 614 quo·

220 628 579 696 dammodo
626 649 771 696 esse
815 626 1015 716 ῥητὸν
1076 630 1405 697 confessus
1450 629 1581 696 sit?
1654 631 2133 715 Reperiendum
2192 639 2406 701 autem
2453 641 2551 701 est

221 732 587 817 quidpiam,
636 740 779 816 quo'
810 733 1093 799 diluatur
1138 734 1566 800 inconstantia
1609 735 1758 818 illa,
1806 754 1971 817 quae
2017 736 2227 802 inesse
2274 735 2549 819 videtur,

220 837 318 902 ita
348 841 422 901 ut
451 834 779 918 doceatur,
829 855 996 919 quae
1042 836 1444 903 conditiones
1490 836 1793 903 diversae
1838 837 2156 920 accidant,
2203 843 2272 904 ut
2308 831 2549 922 ἄλογον

223 940 436 1022 possit
480 957 623 1004 esse
667 935 887 1024 ῥητόν.
976 938 1063 1004 At
1105 938 1257 1004 inde
1302 944 1549 1004 tantum
1593 940 1838 1022 aberat,
1883 946 1954 1006 ut
1999 940 2081 1007 de
2126 940 2334 1008 altera
2376 961 2445 1007 re
2482 942 2550 1007 in

222 1043 436 1107 altera
479 1041 712 1126 eapitis
757 1041 933 1107 illius
978 1041 1389 1108 Aristoxenei
1445 1048 1630 1127 parte
1682 1061 2044 1108 sermonem
2091 1063 2233 1110 esse
2279 1044 2376 1109 illi
2420 1065 2550 1110 non

221 1145 696 1228 perspexerint.

402 1244 593 1325 Quod
639 1246 917 1313 sensisse
963 1246 1219 1313 videtur
1263 1266 1425 1313 unus
1456 1246 1874 1332 Feussnerus,
1922 1268 2066 1314 cum
2109 1250 2424 1314 rationem
2462 1249 2547 1314 ab

224 1351 358 1417 illis
418 1348 743 1415 diversam
804 1349 1128 1431 ingressus
1185 1356 1455 1432 negaret
1510 1346 1668 1426 τοὺς
1726 1341 2069 1433 ἀριθμοὺς
2128 1352 2270 1418 loco
2327 1358 2546 1418 nostro

227 1471 373 1518 esse
405 1469 704 1516 numeros
735 1449 1220 1518 mathematicos
1251 1452 1558 1530 (Aristox.
1594 1452 1694 1518 edL
1727 1453 1822 1536 F„
1854 1453 2056 1520 addit.
2084 1454 2142 1519 V
2166 1474 2227 1538 p.
2262 1458 2344 1519 64
2359 1457 2545 1538 sqq.).

224 1552 365 1619 Sed
412 1553 736 1636 ingressus
782 1553 955 1619 viam
1000 1573 1121 1619 nec
1156 1554 1408 1637 peregit
1451 1573 1590 1635 nec,
1637 1555 1693 1619 si
1737 1554 2069 1637 voluisset,
2116 1557 2341 1640 potuit.
2416 1558 2545 1622 No-

225 1657 473 1721 tionem
532 1656 698 1720 enim
759 1653 1159 1738 rhythmicae
1217 1656 1580 1741 propriam,
1644 1675 1836 1738 quam
1882 1658 1948 1721 in
1994 1677 2073 1723 ea
2125 1678 2284 1724 voce
2345 1660 2547 1724 latere

225 1758 590 1843 suspicatus
623 1764 739 1839 est,
786 1758 852 1822 in
883 1757 1177 1823 omnibus
1208 1759 1342 1823 fere
1387 1757 1796 1841 rhythmicae
1840 1758 2000 1825 locis
2032 1760 2244 1826 inesse
2275 1762 2546 1845 putavit,

224 1866 443 1926 tamen
473 1858 561 1926 ad
592 1858 1032 1927 harmonicam
1063 1879 1339 1943 quoque,
1385 1866 1457 1925 ut
1485 1880 1606 1943 par
1637 1865 1793 1944 erat,
1841 1881 1968 1927 non
1998 1863 2258 1928 rettulit.
2334 1864 2548 1946 Atque

225 1983 374 2031 cum
400 1982 566 2046 quae
591 1982 816 2047 parum
847 1964 1186 2046 perspicue
1220 1969 1626 2047 exposuerat,
1660 1983 1884 2047 parum
1919 1965 2283 2050 probabilia
2314 1972 2545 2051 essent,

226 2065 405 2133 haud
451 2064 716 2132 difficile
746 2086 787 2130 a
818 2064 1096 2132 Caesare
1140 2064 1473 2143 (Zeitschr.
1522 2066 1565 2131 f.
1601 2066 1662 2132 d.
1697 2067 1824 2132 Alt.
1879 2069 2063 2152 1844,
2109 2088 2172 2151 p.
2210 2072 2287 2135 19
2313 2075 2477 2153 sqq.)
2507 2073 2547 2143 ¹)

222 2169 506 2236 refutata
552 2173 614 2234 et
659 2175 884 2252 postea
926 2188 1186 2252 prorsus
1230 2169 1485 2235 abiecta
1529 2177 1694 2235 sunt.

402 2270 481 2336 Id
524 2271 720 2354 igitur
765 2277 915 2337 ante
961 2272 1175 2336 omnia
1218 2271 1565 2337 tenendum
1614 2273 1752 2355 erit,
1800 2274 1866 2338 in
1895 2273 1996 2356 τῷ
2026 2270 2193 2337 κατὰ
2229 2271 2385 2349 τοὺς
2414 2275 2546 2336 τῶν

226 2365 547 2456 ἀριθμῶν
578 2369 783 2454 μόνον
817 2370 1052 2456 λόγους
1080 2371 1260 2459 ῥητῷ
1291 2393 1434 2440 eam
1471 2375 1799 2440 notionem
1829 2376 2040 2442 inesse
2073 2376 2330 2459 debere,
2379 2396 2545 2460 quae

407 2598 455 2660 1)
489 2593 546 2648 Is
582 2593 876 2648 Feussneri
910 2593 1234 2648 sententiam
1270 2597 1419 2648 recte
1453 2593 1847 2662 interpretatus
1885 2608 2004 2648 esse
2040 2594 2171 2647 mihi
2207 2594 2417 2649 videtur
2450 2595 2546 2661 ita,

226 2684 292 2733 ut
316 2678 660 2733 Feussnerus
693 2675 1164 2733 irrationalitatem
1192 2694 1301 2734 non
1323 2678 1380 2733 in
1404 2678 1673 2748 rhythmo,
1710 2679 1885 2735 sedin
1908 2679 2086 2734 verbis
2118 2679 2298 2735 inesse
2323 2678 2546 2736 diceret.

225 2765 398 2819 Velut
445 2765 680 2834 syllabas
729 2764 880 2819 verbi
904 2757 1176 2829 Ἑλλάδα,
1221 2764 1269 2818 si
1304 2762 1580 2834 dactylum
1628 2764 1903 2828 efficiant,
1950 2779 2071 2820 esse
2117 2759 2266 2822 κατὰ
2303 2760 2407 2836 τὴν
2441 2769 2549 2822 τοῦ

224 2848 462 2922 ῥυθμοῦ
495 2846 663 2922 φύσιν
698 2846 893 2923 ῥητὸν,
930 2850 1015 2905 sin
1051 2851 1306 2906 choreum
1340 2850 1735 2915 irrationalem,
1772 2845 1917 2909 κατὰ
1959 2846 2096 2916 τοὺς
2130 2854 2247 2907 τῶν
2283 2844 2376 2925 ἄρ.
2414 2847 2546 2920 μόν.

224 2934 353 3009 My.
393 2932 588 3009 ῥητόν.
661 2930 935 3009 Ἀριθμὸν
970 2936 1110 2990 enim
1145 2935 1214 2991 de
1246 2936 1484 3005 rhythmi
1508 2937 1688 3006 spatio
1716 2943 1770 2990 et
1792 2937 2144 3007 proportione
2177 2944 2291 2992 tum
2328 2939 2545 3007 potissi·

222 3038 379 3077 mum
412 3037 680 3092 usurpare
702 3023 1092 3077 Aristoxenum
1128 3022 1258 3077 dicit
1282 3021 1625 3076 Feussnerus
1661 3026 1736 3090 (p.
1765 3027 1867 3087 66),
1905 3024 2118 3091 quoties
2142 3022 2262 3078 sine
2284 3023 2547 3093 rhythmi-

222 3122 485 3174 zomeno,
526 3107 561 3161 i.
589 3122 636 3162 e.
674 3108 790 3161 sine
826 3107 1036 3172 verbis,
1083 3107 1179 3161 sed
1213 3107 1528 3162 absolutum
1563 3106 1881 3175 cogitaverit
1916 3107 2249 3177 rhythmum3
2290 3100 2549 3181 ἀριθμὸν

225 3208 351 3249 esse
375 3198 636 3261 tanquam
659 3192 944 3261 imaginem
967 3191 1218 3263 rhythmi,
1244 3191 1698 3261 quemadmodum
1722 3193 2119 3262 proportiones,
2144 3207 2283 3261 quae
2306 3193 2545 3247 tactibus

225 3279 432 3335 nostris
470 3284 908 3348 praeponantur3
944 3277 1139 3347 pedum
1165 3281 1348 3332 autem
1376 3277 1773 3332 irrationalium
1798 3278 2000 3332 formas
2038 3278 2316 3331 naturales
2352 3276 2546 3332 abesse

224 3380 259 3419 a
305 3365 561 3433 rhythmo
609 3380 709 3421 suo
723 3404 737 3429 ‚
782 3364 948 3430 (velut
994 3364 1039 3417 si
1084 3364 1314 3418 choreus
1358 3363 1688 3418 irrationalis
1732 3377 2024 3431 expressus
2074 3364 2158 3417 est
2202 3361 2415 3433 dactylo
2460 3362 2545 3418 vel

225 3448 503 3518 spondeo,
540 3448 696 3504 abest
730 3463 765 3502 a
799 3448 1048 3517 rhythmo
1084 3448 1383 3512 trochaico)
1399 3487 1415 3515 ,
1452 3448 1721 3516 quadrare
1754 3452 1937 3501 autem
1971 3446 2029 3500 in
2066 3461 2188 3501 eum
2222 3443 2373 3505 κατὰ
2410 3444 2546 3513 τοὺς

224 3539 348 3590 τῶν
383 3526 655 3606 ἀριθμῶν
701 3530 940 3606 λόγους,
990 3548 1112 3588 cum
1155 3533 1431 3588 subiectae
1467 3533 1577 3586 sint
1612 3530 1954 3601 proportioni
2001 3533 2237 3601 rhythmi
2283 3533 2547 3588 trochaici

226 3620 596 3689 praestitutae
631 3620 716 3687 (³7⁴
743 3619 825 3674 vel
851 3619 954 3689 ³ls).
1017 3619 1221 3673 Contra
1244 3633 1309 3673 ea
1334 3616 1536 3672 Caesar
1570 3632 1670 3672 suo
1706 3618 1824 3672 iure
1859 3617 2087 3685 monuit,
2124 3622 2180 3672 et
2212 3617 2544 3674 differentias

226 3720 257 3758 e
301 3704 545 3774 rhythmi
588 3706 788 3759 natura
833 3707 981 3759 ortas
1034 3702 1253 3759 easdem
1301 3717 1422 3758 esse
1464 3718 1531 3757 ac
1578 3702 2030 3772 rhythmizomeni
2080 3703 2168 3769 (el.
2216 3704 2300 3758 rh.
2350 3721 2404 3773 p.
2446 3706 2544 3757 270

225 3790 372 3845 Mor.
408 3817 478 3837 -ι
514 3793 596 3857 28,
637 3794 700 3844 19
727 3789 861 3858 W.);
914 3794 1246 3860 quapropter
1290 3788 1762 3843 irrationalitatem
1796 3788 1853 3842 in
1894 3788 2003 3844 lexi
2049 3789 2168 3843 sola
2209 3789 2387 3844 inesse
2436 3804 2546 3843 non

223 3891 419 3944 posse;
465 3890 643 3943 neque
677 3875 825 3929 illam
859 3867 1114 3947 ἀριθμοῦ
1160 3874 1609 3944 significationem
1642 3889 1749 3928 usu
1782 3873 2139 3929 Aristoxeneo
2177 3873 2540 3942 comprobari.

227 3961 623 4016 Gravissimum
668 3963 851 4016 autem
898 3968 1275 4028 argumentum
1320 3959 1523 4016 omisit:
1569 3958 1629 4014 in
1664 3960 1981 4014 harmonica
2028 3960 2169 4014 enim
2215 3975 2282 4014 ne
2320 3960 2545 4028 cogitari

224 4046 446 4115 quidem
489 4049 673 4115 potest
718 4046 1033 4115 quicquam,
1080 4048 1225 4115 quod
1273 4045 1600 4115 respondeat
1634 4049 1719 4122 τῷ
1752 4041 1902 4102 κατὰ
1946 4065 1995 4102 τ.
2033 4065 2081 4102 τ.
2119 4041 2211 4118 ἄρ.
2251 4041 2381 4114 μόν.
2417 4042 2541 4115 My.

226 4129 405 4206 ῥητῷ,
440 4131 602 4201 quale
635 4131 691 4185 in
727 4132 1029 4201 rhythmica
1061 4132 1318 4202 usurpari
1351 4131 1605 4202 opiuatus
1641 4135 1727 4186 est
1758 4130 2109 4186 Feussnerus.
