3177 4960
596 344 721 402 234
1551 341 1713 410 Hngo
1747 340 1936 397 Jusatz

594 517 847 584 veroin
889 517 1004 582 illo
1049 515 1217 600 pede
1262 512 1455 597 λόγος
1485 508 1519 578 ὃ
1554 517 1674 579 τοῦ
1720 510 2064 600 ἐπιτρίτου
2110 522 2208 580 est
2248 511 2580 600 γνώριμος
2624 514 2704 597 τῇ
2752 510 2910 577 αἷσ-

594 618 819 707 θήσει,
863 621 932 684 ἰιι
962 618 1087 685 hoc
1115 618 1290 685 idem
1333 624 1431 684 est
1475 611 1862 700 ἄγνωστοςῖ
1907 615 2080 695 Quid
2125 623 2340 683 autem
2386 617 2703 698 obstabat,
2749 636 2910 699 quo-

594 725 802 789 minus
832 722 1254 787 Aristoxenus
1297 726 1548 803 tempus
1583 722 1858 804 primum
1888 720 1954 785 in
1984 719 2110 786 hoc
2138 718 2478 785 dimidium
2525 720 2664 786 eius
2708 719 2909 803 spatii

594 825 836 891 habere
879 829 1205 906 statueret,
1252 822 1425 906 quod
1468 824 1692 897 statuit
1719 824 1788 888 in
1816 822 1979 888 illo?
2022 821 2125 887 An
2155 842 2300 888 cum
2344 822 2549 906 pedes
2579 821 2696 898 illi,
2744 840 2908 904 quos

594 928 895 1010 exemplo
924 926 1325 1010 protulimus,
1359 924 1663 991 differant
1689 927 1985 1008 μεγέθει,
2017 925 2408 991 conveniant
2428 926 2595 990 inter
2616 944 2686 991 se
2705 926 2905 1008 γένει,

593 1029 1144 1096 irrationalitatem
1188 1029 1399 1094 inesse
1443 1028 1783 1094 credamus
1826 1029 1894 1092 in
1938 1047 2148 1111 agoge
2193 1026 2552 1094 celeriore?
2608 1027 2909 1112 Apparet

591 1139 806 1199 autem
853 1132 1000 1197 illos
1043 1152 1084 1196 a
1126 1130 1407 1196 metricis
1465 1131 1821 1196 rationibus
1864 1129 2031 1197 adeo
2076 1149 2205 1196 non
2248 1130 2489 1196 liberos
2533 1149 2612 1195 ac
2656 1128 2900 1196 dissue-

591 1235 795 1301 factos
840 1252 1002 1317 esse,
1048 1239 1118 1298 ut
1147 1252 1258 1299 eas
1289 1233 1353 1297 in
1383 1230 1815 1316 rhythmicam
1857 1233 2207 1298 intulerint.
2280 1232 2511 1315 Neque
2555 1232 2729 1297 enim
2757 1251 2906 1315 pro-

591 1336 957 1403 ficiscuntur
984 1356 1026 1401 a
1054 1344 1344 1419 tempore
1371 1336 1603 1420 primo,
1642 1334 1758 1401 sed
1789 1356 1831 1401 a
1859 1336 2113 1420 syllaba
2141 1335 2361 1417 brevi3
2407 1353 2488 1401 ea
2517 1335 2691 1400 enim
2722 1340 2905 1400 utun-

476 1473 488 1488 ·
591 1445 691 1504 tur
741 1458 1069 1521 mensura,
1129 1459 1209 1505 ea
1250 1438 1537 1524 profecto
1595 1437 2022 1521 quodcunque
2079 1438 2731 1504 incommensurabile
2781 1442 2899 1519 est,

592 1540 962 1607 irrationale
994 1560 1135 1606 esse
1166 1545 1470 1606 statuunt.
1531 1538 1713 1618 Quae
1744 1559 1888 1607 cum
1918 1538 2306 1605 Aristoxeno
2335 1540 2673 1622 imputant,
2706 1557 2900 1621 quam

590 1643 892 1709 illiberali
922 1644 1136 1708 animo
1169 1648 1234 1709 et
1254 1643 1612 1708 rationibus
1646 1642 2037 1726 praestitutis
2067 1662 2146 1707 ac
2174 1639 2636 1726 praeiudicatis
2668 1642 2902 1706 misere

590 1746 895 1812 obstricto
925 1745 1124 1812 fuisse
1154 1765 1301 1812 eum
1337 1744 1731 1828 insimulant,
1777 1744 1833 1809 si
1862 1744 2207 1809 rationalia
2235 1749 2301 1809 et
2328 1744 2621 1827 legitima
2652 1762 2733 1810 ea
2761 1744 2905 1809 sola

588 1847 956 1930 iudicasset,
981 1867 1148 1931 quae
1169 1853 1616 1913 mensurantur
1637 1847 1847 1931 spatio
1868 1847 2128 1912 minimo
2154 1865 2393 1929 eorum,
2415 1866 2584 1930 quae
2607 1846 2695 1912 ad
2718 1866 2906 1914 usum

588 1955 900 2033 spectant,
934 1948 1232 2031 quamvis
1261 1949 1393 2014 alia
1420 1950 1743 2032 permulta
1770 1969 1897 2015 non
1928 1949 2136 2015 minus
2161 1954 2336 2014 certa
2365 1950 2493 2015 sint
2512 1969 2592 2014 ac
2615 1947 2901 2014 definita.

588 2051 871 2134 Tempus
901 2051 1095 2133 igitur
1126 2048 1451 2133 quoddam
1475 2057 1574 2116 est
1597 2051 1966 2118 irrationale
1988 2071 2115 2116 non
2145 2056 2506 2135 propterea,
2538 2050 2713 2134 quod
2744 2057 2903 2117 tem-

588 2173 744 2237 pore
766 2153 974 2237 primo
1006 2154 1090 2219 sit
1120 2154 1780 2236 incommensurabile,
1814 2172 2035 2220 verum
2062 2155 2213 2236 quia
2234 2154 2605 2219 irrationale
2627 2160 2746 2238 est,
2776 2154 2816 2219 i.
2844 2173 2900 2219 e.

586 2256 865 2338 spatium
901 2256 1315 2339 proportione
1359 2275 1503 2321 cum
1548 2256 1695 2322 aliis
1740 2255 2174 2322 intercedente
2220 2261 2396 2322 certa
2422 2275 2550 2321 non
2582 2255 2901 2339 definitur,

586 2377 712 2424 non
758 2358 1002 2441 excipit
1044 2363 1297 2442 tempus
1340 2359 1638 2443 primum,
1685 2364 2244 2442 quantumcunque
2277 2357 2347 2423 id
2392 2377 2534 2424 esse
2580 2359 2898 2424 statuitur.

755 2458 944 2539 Quod
988 2466 1201 2528 autem
1245 2460 1313 2527 in
1358 2459 1733 2529 harmonica
1782 2462 1947 2527 inter
1990 2462 2322 2527 minimum
2370 2460 2647 2545 spatium
2666 2511 2682 2543 ,
2728 2459 2903 2545 quod

585 2570 835 2648 spectat
890 2564 975 2630 ad
1032 2583 1214 2631 usum
1273 2570 1339 2630 et
1393 2565 1530 2631 eius
1590 2564 1857 2649 duplum
1914 2563 2042 2630 duo
2099 2565 2232 2630 alia
2287 2564 2499 2648 spatia
2554 2564 2904 2631 rationalia

584 2667 928 2749 intersunt,
985 2667 1050 2731 in
1093 2666 1460 2751 rhythmica
1514 2688 1643 2734 non
1700 2668 1853 2735 item
1870 2717 1887 2751 ,
1944 2668 2173 2735 mirum
2232 2687 2359 2734 non
2406 2673 2534 2751 est,
2593 2669 2901 2750 quoniam

582 2770 790 2836 altera
843 2767 1187 2851 disciplina
1230 2770 1477 2836 musica
1518 2770 1740 2837 alteris
1797 2771 1992 2836 utitur
2049 2769 2539 2837 conditionibus.
2631 2770 2708 2836 In
2754 2768 2900 2836 har-

584 2871 839 2936 monica
903 2871 1073 2935 enim
1138 2870 1224 2936 ad
1289 2871 1771 2939 intervallorum
1837 2873 2048 2957 spatia
2110 2879 2407 2939 accurate
2478 2871 2902 2957 percipienda

585 2973 852 3038 multum
910 2971 1293 3039 adiuvamur
1348 2994 1648 3040 sonorum
1715 2976 2126 3058 repetitione,
2194 2975 2260 3039 in
2316 2973 2688 3059 rhythmica
2745 2994 2899 3041 vero

581 3095 734 3141 num
791 3075 1066 3159 spatium
1124 3074 1298 3142 idem
1357 3077 1530 3160 quod
1587 3083 1781 3144 antea
1823 3078 1907 3143 sit
1948 3076 2303 3161 redditum,
2356 3097 2484 3142 non
2529 3082 2629 3143 est
2676 3077 2899 3161 explo-

581 3183 807 3243 ratum.
896 3177 1168 3245 Accedit
1224 3178 1396 3262 quod
1455 3180 1763 3263 temporis
1819 3179 2005 3246 unius
2062 3180 2396 3265 perceptio
2441 3180 2565 3245 nisi
2612 3179 2682 3244 in
2727 3200 2900 3246 com-

581 3281 859 3363 plurium
889 3287 1248 3366 temporum
1278 3288 1580 3349 accurata
1618 3284 2032 3367 proportione
2062 3302 2189 3348 non
2218 3282 2433 3367 posita
2462 3287 2576 3363 est,
2626 3288 2695 3348 et
2723 3280 2899 3366 quod

580 3403 767 3451 aures
813 3386 1014 3450 multo
1045 3385 1301 3451 facilius
1346 3384 1735 3468 dignoscunt
1769 3404 2066 3451 sonorum
2099 3384 2313 3450 varias
2360 3385 2709 3469 qualitates
2755 3380 2901 3462 (τά-

583 3487 748 3561 σεις)
794 3505 985 3568 quam
1030 3487 1420 3568 quantitates
1462 3484 1803 3569 (χρόνους).
1893 3487 2118 3570 Itaque
2148 3487 2427 3553 rationes
2473 3487 2899 3570 notionesque

582 3587 911 3671 utriusque
968 3587 1350 3672 disciplinae
1405 3591 1691 3657 musicae
1743 3597 1889 3656 sunt
1944 3608 2346 3671 communes,
2405 3587 2708 3655 diversae
2754 3608 2898 3655 con—

581 3688 857 3756 ditiones
901 3708 979 3755 ac
1021 3709 1142 3756 res.

752 3791 1048 3874 Denique
1096 3812 1224 3875 qua
1259 3794 1691 3860 inconstantia
1721 3795 1787 3859 in
1816 3794 2184 3860 notionibus
2228 3792 2618 3862 adhibendis
2649 3796 2900 3864 Aristo-

579 3912 816 3960 xenum
864 3893 1074 3977 egisse
1120 3895 1217 3959 illi
1261 3901 1507 3980 putant,
1553 3916 1700 3962 cum
1740 3896 1806 3961 in
1851 3893 2222 3962 definitione
2267 3897 2753 3964 intervallorum
2800 3899 2899 3965 di-

577 3996 747 4063 xerit
792 3996 1190 4061 irrationalia
1234 3996 1493 4063 differre
1540 3993 2084 4079 (παραλλάττειν)
2130 4018 2171 4063 a
2200 3998 2620 4065 rationalibus
2667 3990 2894 4085 ἀλόγῳ

576 4097 709 4164 τινὶ
757 4093 1192 4181 διαστήματι,
1253 4099 1316 4164 in
1361 4100 1491 4165 alia
1543 4107 1760 4167 autem
1818 4101 2032 4184 operis
2093 4107 2276 4185 parte
2333 4120 2528 4167 unum
2583 4101 2897 4188 idemque
