3177 4960
611 348 729 405 198
1572 343 1731 412 Hugo
1765 342 1801 397 J
1803 345 1959 397 usatz

605 522 883 608 pedibus
926 517 1287 587 metiendos
1332 536 1495 593 esse,
1540 515 1659 582 sed
1698 516 1883 582 binos
1928 514 2189 581 demum
2233 513 2438 598 pedes
2484 513 2742 581 efficere
2785 533 2914 581 me-

607 631 803 705 um,
860 622 1043 688 licuit
1086 621 1148 686 ei
1191 620 1300 686 vel
1344 620 1617 685 alteram
1667 618 1977 703 syzygiae
2019 617 2232 684 thesin
2279 617 2602 700 corripere
2647 622 2760 682 aut
2801 636 2913 702 po·

605 729 733 793 tius
788 723 1000 791 thesin
1058 721 1529 806 corripiendam
1576 720 2161 803 conferendamque
2215 739 2299 787 ex
2344 739 2423 786 eo
2467 720 2713 786 maiore
2758 725 2915 785 tem-

606 847 833 913 porum
864 826 1106 893 ambitu
1136 830 1378 910 petere,
1422 843 1549 908 quo
1579 824 1785 889 maior
1812 843 2112 889 numerus
2141 824 2354 890 inesse
2382 828 2660 907 putatur.
2724 822 2921 888 Velut

606 932 663 999 si
707 949 1007 996 numerus
1054 934 1153 994 est
1181 927 1593 1009 hexasemus,
1637 927 1805 992 intra
1842 925 2260 992 hexasemum
2291 926 2571 1009 spatium
2602 944 2922 1010 quaeren-

607 1033 759 1099 dum
793 1033 916 1100 erit
944 1031 1479 1115 supplementum,
1523 1030 1622 1095 sin
1658 1029 2142 1113 dodecasemus,
2189 1029 2357 1093 intra
2385 1031 2675 1112 μέγεθος
2707 1027 2918 1092 δωδε-

605 1133 927 1221 κάσημον.
1030 1131 1372 1212 Quomodo
1430 1138 1500 1197 ut
1557 1132 1953 1215 singulorum
2011 1131 2251 1214 pedum
2311 1131 2606 1213 aequitas
2650 1131 2917 1215 tollitur,

609 1237 703 1303 ita
730 1256 857 1302 non
887 1235 1177 1302 turbatur
1211 1235 1405 1302 totius
1435 1235 1686 1299 numeri
1716 1234 2146 1318 aequabilitas
2180 1241 2244 1300 et
2272 1235 2693 1300 rationalitas.
2783 1233 2919 1300 Sed

609 1339 729 1405 etsi
775 1338 1094 1405 sententia
1122 1336 1545 1404 Boeckhiana
1590 1338 1681 1402 ita
1722 1342 2083 1420 temperata
2127 1338 2369 1420 gratior
2398 1337 2656 1403 omnino
2685 1356 2917 1420 accep-

607 1443 859 1525 tiorque
904 1440 1065 1505 mihi
1109 1440 1394 1523 videtur,
1454 1446 1671 1506 tamen
1715 1459 1796 1505 ne
1845 1439 2389 1507 Hermannianam
2435 1438 2696 1522 quidem
2738 1459 2915 1523 pror—

607 1564 715 1610 sus
760 1544 1156 1610 reiciendam
1202 1563 1344 1609 esse
1388 1543 1685 1625 arbitror,
1739 1541 2262 1625 quandoquidem
2307 1542 2604 1609 accidere
2648 1561 2916 1625 cognos-

609 1665 858 1729 cemus,
917 1652 988 1711 ut
1028 1652 1142 1712 aut
1183 1646 1578 1729 temporibus
1638 1645 2115 1710 irrationalibus
2173 1644 2257 1711 de
2301 1644 2617 1711 industria
2659 1650 2919 1728 praeter

606 1750 818 1833 legem
867 1748 1178 1815 adhibitis
1220 1747 1335 1814 fiat
1377 1747 1661 1832 rhythmi
1705 1747 2089 1831 retardatio,
2148 1753 2260 1814 aut
2306 1748 2402 1814 eis
2445 1748 2640 1830 locis,
2686 1747 2918 1830 quibus

604 1850 944 1936 rhythmus
989 1852 1130 1917 sive
1173 1870 1300 1916 non
1345 1851 1478 1916 iam
1522 1850 1798 1916 vinculis
1844 1855 2172 1917 coercetur
2217 1851 2357 1916 sive
2400 1848 2682 1916 noudum
2699 1898 2717 1934 ,
2769 1849 2919 1916 dico

605 1954 673 2017 in
716 1971 1017 2019 versuum
1062 1957 1127 2018 et
1168 1951 1583 2035 periodorum
1632 1953 1831 2019 initiis
1878 1959 1943 2018 et
1983 1951 2250 2033 finibus,
2308 1953 2472 2019 arsis
2531 1972 2727 2037 supra
2771 1973 2919 2038 spa·

605 2055 765 2120 tium
801 2060 1073 2137 vagetur
1100 2054 1478 2135 legitimum.

780 2157 913 2223 Sed
972 2156 1346 2240 priusquam
1391 2177 1470 2222 eo
1516 2157 1917 2240 progrediar,
1964 2164 2034 2223 ut
2077 2156 2413 2224 ostendam
2431 2208 2448 2242 ,
2507 2159 2620 2225 ubi
2664 2164 2918 2242 tempus

608 2259 979 2325 irrationale
1023 2260 1295 2326 alterum
1338 2261 1542 2325 altero
1601 2259 1956 2325 irrationali
2013 2266 2303 2345 tempore
2359 2262 2734 2345 suppleatur
2779 2264 2918 2346 qui-

606 2362 853 2445 busque
878 2361 1380 2447 condicionibus,
1410 2368 1561 2428 ante
1594 2362 1810 2428 omnia
1838 2363 2290 2447 exponendum
2320 2363 2481 2428 mihi
2514 2364 2652 2449 erit,
2685 2365 2920 2449 quibus

607 2465 819 2533 causis
865 2471 1219 2533 commotus
1265 2486 1347 2533 ea
1387 2466 1731 2550 proferam.

1555 2755 1844 2823 CAPUT
1898 2756 1972 2821 V.

607 2888 727 2965 De
765 2894 1031 2990 priore
1086 2892 1351 2989 capitis·
1405 2889 1498 2966 de
1549 2893 2115 2969 irrationalitate
2156 2892 2633 2971 Aristoxenei
2665 2900 2912 2995 parte.

780 3044 988 3111 Nemo
1017 3043 1233 3111 adhuc
1262 3065 1344 3111 ex
1374 3045 1747 3113 Aristoxeni
1775 3048 2149 3131 fragmentis
2178 3048 2380 3116 multo
2410 3050 2599 3133 plura
2636 3050 2721 3117 de
2765 3051 2918 3116 irra-

608 3149 987 3215 tionalitatis
1041 3146 1447 3231 rhythmicae
1491 3156 1722 3216 natura
1779 3148 2021 3216 hauriri
2074 3170 2267 3233 posse
2310 3158 2506 3235 atque
2562 3152 2920 3219 haurienda

611 3271 752 3318 esse
796 3251 983 3334 vidit,
1036 3270 1229 3334 quam
1275 3250 1506 3318 hausta
1549 3259 1714 3319 sunt.
1801 3254 2016 3336 Atque
2061 3255 2127 3319 in
2170 3256 2384 3337 priore
2429 3254 2689 3338 quidem
2735 3261 2921 3339 parte

606 3358 692 3437 (p.
728 3358 830 3435 34,
878 3357 1087 3419 6-16
1118 3355 1244 3431 W.)
1303 3356 1442 3422 eius
1488 3356 1736 3439 capitis,
1783 3375 1910 3440 quo
1957 3356 2040 3422 de
2083 3357 2574 3424 irrationalitate
2618 3360 2922 3442 exposuit

607 3455 1063 3536 Aristoxenus,
1130 3464 1309 3524 nunc'
1366 3458 1661 3542 quidem,
1730 3458 1906 3541 quod
1963 3460 2193 3525 attinet
2248 3460 2334 3527 ad
2393 3481 2497 3528 res
2550 3462 2919 3528 notionibus

608 3557 963 3640 subiectas,
1029 3558 1192 3623 nihil
1255 3561 1391 3627 fere
1458 3561 1714 3628 obscuri
1776 3569 1890 3629 aut
1952 3563 2240 3645 ambigui
2306 3571 2520 3631 restat.
2630 3564 2919 3632 Choreus

610 3660 781 3725 enim
809 3660 1200 3727 irrationalis
1233 3661 1428 3730 habet
1465 3663 1678 3732 thesin
1721 3665 2056 3749 disemam,
2101 3667 2275 3734 arsin
2305 3686 2677 3734 monosemo
2706 3669 2918 3751 spatio

607 3763 937 3846 maiorem,
984 3762 1234 3830 disemo
1264 3766 1597 3833 minorem.
1670 3767 1897 3853 Itaque
1928 3770 2139 3853 spatio
2184 3777 2444 3854 superat
2488 3790 2634 3837 eum
2678 3769 2917 3855 pedem

606 3864 1006 3948 rationalem,
1037 3886 1079 3931 a
1109 3886 1236 3949 quo
1268 3888 1500 3935 nomen
1531 3877 1854 3938 mutuatus
1886 3878 1983 3938 est
2005 3874 2074 3955 ¹),
2106 3871 2223 3939 sed
2251 3872 2631 3956 relinquitur
2662 3892 2760 3958 e0,
2807 3874 2921 3957 qui

784 4037 832 4100 1)
869 4032 972 4100 Qui
1006 4037 1189 4088 utrum
1223 4035 1295 4089 sit
1329 4037 1620 4093 trochaeus
1652 4052 1725 4092 an
1759 4038 2067 4110 tribrachys
2091 4055 2160 4094 ex
2182 4039 2496 4095 Aristoxeni
2530 4039 2707 4095 verbis
2742 4055 2923 4110 neque

607 4120 787 4175 elucet
827 4133 932 4175 nec
976 4120 1114 4175 scire
1163 4120 1251 4175 hic
1298 4122 1509 4178 attinet.
1595 4124 1865 4180 Trochaei
1911 4125 2120 4181 scilicet
2162 4143 2267 4182 vox
2313 4126 2382 4180 ab
2426 4126 2755 4182 Aristoxeno
2807 4143 2924 4183 non
