3177 4960
662 349 786 409 304
1628 345 1785 414 Hngo
1818 344 2009 400 Jusatz

1559 635 1850 704 CAPUT
1891 637 2072 703 XIX.

793 773 913 852 De
964 777 1354 851 metrorum
1392 769 2282 873 pseudoloqaoedz'corum
2333 770 2831 848 solutionibus.

829 927 1004 1007 Quas
1058 934 1273 994 autem
1331 925 1520 993 sedes
1578 925 1982 993 irrationales
2041 945 2077 992 e
2146 925 2431 991 caesuris
2494 925 2947 1009 verborumque

658 1050 906 1099 conexu
939 1029 1290 1112 effecimus,
1337 1027 1608 1095 eaedem
1636 1029 1989 1112 probantur
2019 1026 2466 1110 solutionibus,
2513 1046 2680 1111 quae
2726 1027 2793 1093 in
2835 1046 2946 1093 me·

657 1134 771 1200 tris
815 1133 946 1200 illis
990 1132 1418 1199 inveniuntur.

828 1233 1094 1313 Quoties
1141 1235 1312 1300 enim
1359 1233 1601 1318 dactyli
1661 1233 1878 1314 istius,
1937 1250 2128 1315 quem
2183 1232 2397 1298 inesse
2454 1230 2711 1312 dicunt,
2771 1231 2950 1298 thesis

659 1337 946 1419 solvitur,
995 1343 1130 1403 tum
1175 1344 1448 1421 tempus,
1496 1335 1671 1419 quod
1717 1334 2061 1419 antecedit,
2114 1334 2366 1401 simodo
2412 1334 2675 1417 longam
2723 1340 2786 1400 et
2830 1334 2949 1400 bre·

657 1458 806 1506 vem
850 1445 1101 1505 mutare
1146 1445 1379 1522 potest,
1425 1439 1610 1505 brevi
1657 1457 2031 1522 expressum
2076 1456 2221 1505 esse
2264 1456 2531 1504 necesse
2575 1442 2691 1503 est.
2781 1435 2950 1515 Quod

656 1540 943 1625 profecto
973 1541 1216 1608 accidit
1246 1542 1311 1606 in
1342 1540 1610 1607 Pindari
1641 1541 1786 1608 loco
1817 1540 1934 1625 Py.
1966 1540 2064 1605 XI
2094 1545 2204 1605 str.
2239 1544 2298 1621 4,
2330 1559 2392 1604 v.
2426 1544 2498 1604 4:
2542 1538 2749 1624 ματρὶ
2781 1533 2946 1621 παρὰ

656 1638 822 1727 (πὰρ
866 1644 1039 1722 libri)
1085 1642 1392 1725 Μελίαν,·
1448 1664 1510 1709 v.
1543 1645 1614 1709 9:
1663 1636 1846 1728 ὄφρα
1893 1644 2103 1724 Θέμιν
2169 1638 2389 1726 ἱερὰν,·
2446 1662 2507 1707 v.
2540 1646 2652 1706 41:
2707 1645 2948 1720 Μοῖσα,

652 1742 728 1809 τὸ
777 1743 850 1809 δὲ
893 1742 1075 1827 τεόν,
1138 1744 1230 1830 εἰς
1277 1766 1338 1812 v.
1373 1748 1483 1812 52:
1536 1746 1672 1810 τῶν
1713 1742 1839 1829 γὰρ
1885 1736 2013 1809 ἆνὰ
2058 1736 2261 1809 πόλιν
2307 1738 2698 1828 εὗ-ρίσκων;
2744 1765 2803 1810 v.
2848 1748 2947 1808 55:

655 1854 1007 1932 corruptae,
1054 1848 1171 1916 sed
1216 1869 1277 1914 v.
1316 1852 1430 1914 20:
1488 1845 1940 1932 Κασσάνδραν
1983 1847 2241 1932 πολιῷ;
2294 1868 2353 1913 v,
2388 1849 2501 1913 36:
2559 1846 2948 1931 Παρνασσοῦ

655 1946 839 2014 πόδα
883 1941 1202 2017 ναί-οντ’.

896 2050 1143 2120 Obesse
1188 2053 1319 2136 legi
1363 2052 1663 2120 videntur
1706 2053 2026 2120 telesillea
2069 2051 2411 2137 quaedam,
2456 2052 2735 2135 primum

824 2153 1011 2220 Nem.
1045 2154 1311 2219 V1170:
1359 2145 1684 2230 Εὗξενίδᾶ
1730 2152 2049 2236 πάτραθε
2092 2151 2435 2238 Σώ-γενες,
2483 2144 2811 2235 ἀπομνύω

656 2256 722 2320 in
769 2273 895 2337 quo
940 2257 1325 2324 solutionem
1369 2263 1479 2322 aut
1523 2256 1801 2323 nominis
1845 2256 2092 2341 proprii
2134 2257 2518 2324 necessitate
2548 2262 2661 2322 aut
2703 2274 2947 2323 anacrn-

655 2362 745 2427 sis
775 2361 843 2425 in
872 2359 1128 2444 periodi
1160 2359 1429 2426 exordio
1459 2359 1759 2426 libertate
1798 2379 2086 2427 excuses.
2163 2359 2400 2426 Verum
2429 2393 2514 2404 —
2545 2360 2667 2427 etsi
2698 2360 2946 2427 formam

657 2453 979 2540 Εὐξενίδα
1024 2461 1265 2530 habere
1308 2482 1500 2547 posse
1535 2488 1578 2526 α
1609 2463 1809 2530 breve
1840 2462 2159 2531 concedas
2191 2499 2274 2508 —
2307 2461 2756 2530 difficultatem
2786 2479 2946 2546 prae·

657 2567 766 2634 bet
794 2567 1337 2651 interpretationi3
1383 2586 1532 2632 nam
1561 2562 1795 2650 πάτρα
1827 2586 1952 2633 non
1985 2571 2102 2648 est,
2149 2572 2220 2631 ut
2247 2566 2490 2650 volunt,
2522 2584 2684 2647 gens
2717 2569 2947 2645 (Fozxoc

656 2669 736 2735 cf.
771 2669 887 2754 Py.
921 2669 1169 2752 V115);
1228 2669 1447 2751 itaque
1499 2689 1632 2761 ‘non
1690 2675 1823 2735 tam
1883 2688 2027 2735 cum
2085 2668 2446 2751 Hartungio
2507 2667 2787 2735 scribam
2836 2656 2946 2730 Εὗ-

659 2768 895 2846 ξείνιδι
937 2773 1275 2854 Σωγένους
1321 2768 1568 2858 πάτρᾳ,
1618 2792 1810 2856 quam
1855 2772 2149 2839 faciliore
2194 2770 2676 2839 emendatione:
2726 2763 2947 2847 εὕξεινε

658 2868 980 2955 πάτραθε
1011 2869 1323 2955 Σώγενες,
1369 2903 1453 2926 =
1485 2895 1523 2942 o
1556 2874 1868 2959 Sogenes,
1914 2875 2167 2941 iuvenis
2198 2873 2557 2957 hospitalis,
2607 2879 2681 2939 ut
2724 2872 2947 2956 patrius

657 2974 993 3057 Aeginetis
1038 2994 1176 3042 mos
1222 2981 1335 3042 est.
1427 2978 1591 3043 Tum

731 3074 808 3144 Ο.
838 3077 913 3142 R.
949 3077 1105 3142 883:
1154 3073 1214 3141 εἰ
1259 3079 1332 3142 δέ
1375 3101 1479 3154 τις
1524 3073 1884 3164 ὖπέροπτα
1921 3080 2149 3165 χερσὶν
2192 3065 2236 3167 ἢ
2282 3076 2457 3164 λόγῳ
2501 3075 2875 3164 πορεύεται,

829 3199 909 3239 m
940 3179 1094 3245 897:
1142 3170 1361 3245 οὐκέτι
1402 3176 1520 3247 τὸν
1572 3175 1854 3248 ἄθικτον
1893 3177 2032 3264 εἶμι
2059 3183 2182 3266 γᾶς
2213 3172 2330 3246 ἐπ’
2384 3172 2698 3267 ὀμφαλὸν
2736 3182 2947 3262 σέβων.

657 3280 782 3361 Qui
827 3280 1051 3367 vers'us
1096 3303 1181 3350 ex
1223 3286 1630 3369 sequentinm
1676 3285 2094 3353 similitudine
2129 3291 2424 3353 constare
2452 3285 2754 3353 videntur
2796 3302 2829 3350 e
2867 3288 2948 3347 te-

655 3385 905 3452 lesilleo
952 3392 1015 3452 et
1058 3385 1330 3455 dimetro
1377 3387 1675 3456 iambico.
1764 3389 1933 3454 Nam
1980 3389 2277 3471 quamvis
2321 3387 2517 3455 ionici
2542 3407 2588 3453 a
2615 3387 2852 3457 maiore
2893 3389 2948 3455 ct

657 3485 964 3568 dipodiae
1007 3488 1373 3557 trochaicae
1400 3490 1764 3558 coniunctio
1806 3490 1955 3563 talis
1985 3491 2348 3558 inveniatur
2378 3491 2446 3556 in
2475 3489 2705 3561 eadem
2747 3485 2947 3554 fabula

657 3606 720 3651 v.
772 3590 892 3659 471
944 3607 1073 3671 sq.:
1136 3588 1350 3657 δειναὶ
1412 3583 1480 3656 δ’
1545 3583 1666 3676 ἅμ’
1734 3590 2017 3659 ἕπονται
2066 3591 2079 3676 1
2129 3595 2322 3679 κῆρες
2382 3583 2841 3676 ἆναπλάκητοι
2880 3605 2946 3646 ω

659 3688 777 3752 481
811 3707 942 3771 sq.‚
1005 3697 1221 3761 tamen
1278 3695 1393 3761 illa
1452 3717 1493 3762 a
1538 3696 1916 3765 ditrochaeo
1968 3696 2284 3782 incipere,
2344 3701 2414 3762 ut
2468 3695 2610 3761 vult
2652 3691 2947 3761 Christius

659 3790 890 3868 (Μοωκ2
917 3812 980 3875 p.
1013 3796 1182 3878 493),
1227 3797 1448 3881 nolim,
1495 3800 1796 3882 quoniam
1829 3800 2121 3884 syllabae
2152 3799 2403 3867 solutae
2439 3796 2767 3867 vocabulis
2799 3796 2949 3860 inter

658 3911 731 3959 se
773 3913 901 3960 non
946 3893 1281 3964 disiunctis
1337 3900 1785 3968 attribuendae
1830 3908 2030 3969 erunt.
2121 3902 2258 3969 Usu
2302 3901 2498 3984 igitur
2540 3899 2760 3967 venire
2804 3892 2949 3962 mibi

658 3993 915 4061 videtur
957 3997 1172 4079 potius
1215 4002 1545 4068 anacrnsis
1588 4004 1874 4087 libertas,
1921 4024 2048 4089 qua
2090 4005 2255 4070 arsis
2299 4002 2366 4068 in
2406 4000 2676 4086 periodo
2719 3999 2951 4084 primae

658 4097 822 4163 ratio
866 4118 994 4165 non
1039 4098 1308 4168 habetur
1352 4103 1419 4168 in
1462 4106 1671 4188 spatio
1717 4105 2082 4191 rhythmico
2129 4104 2580 4190 computando.
