3177 4960
871 360 956 416 De
988 361 1406 417 irrationalitate
1441 362 1621 418 studia
1655 362 1975 434 rhythmica.
2455 366 2578 425 295

1065 540 1146 602 et·
1172 554 1232 601 v.
1268 537 1334 601 3:
1383 529 1620 618 ἄρκεσε
1642 534 1923 619 Κρόνιον
1947 528 2113 621 παρ’
2151 531 2579 623 ὅχθονΙΙᾶγε-

1377 641 1702 721 μονεῦσαι
1746 645 1812 708 et
1855 659 1917 706 v.
1951 645 2051 706 41.

659 738 774 820 Py.
808 739 872 805 II
915 745 1023 806 str.
1057 743 1116 823 2,
1163 760 1225 807 v.
1257 743 1329 807 2:
1378 735 1639 826 ἇνδριῦν
1670 740 1910 808 ἵππων
1937 765 2012 807 τε
2043 740 2582 827 σιδαροχαρμᾶνΙ

1381 842 1733 927 δαιμόνιαι
1775 849 2024 932 τροφοί
2079 851 2144 912 et
2185 865 2293 912 vv.
2331 849 2428 910 10.
2475 848 2578 909 26.

1384 952 1483 1014 34.
1533 950 1636 1014 58.
1687 953 1789 1014 74.
1835 949 1916 1013 82
1971 967 2091 1032 per
2147 968 2366 1017 omnes
2422 953 2579 1015 stro-

1380 1049 1580 1134 phas3
1628 1052 1831 1118 semel
1860 1050 2057 1135 longa
2084 1049 2301 1118 medio
2342 1051 2408 1117 in
2439 1069 2578 1118 ver-

1380 1152 1464 1218 bo
1509 1174 1571 1220 v.
1608 1157 1709 1220 50.
2026 1232 2032 1239 ,

547 1254 732 1319 Nem.
766 1252 830 1319 Π
874 1258 981 1319 Str.
1018 1255 1075 1338 3,
1122 1273 1184 1320 v.
1223 1258 1333 1320 13:
1378 1255 1487 1319 καὶ
1533 1251 1670 1337 μὰν
1717 1249 1759 1319 ἆ
1807 1255 2109 1338 Σαλαμίς
2151 1276 2224 1339 γε
2268 1257 2536 1339 θρέψαι
2564 1253 2584 1339 ΙΙ

1170 1435 1177 1443 ⁶
1380 1358 1576 1441 φῶτα
1622 1356 1926 1441 μαχατάν
1971 1364 2036 1425 et
2073 1377 2133 1424 v.
2167 1361 2269 1424 23.

1064 1479 1144 1518 ex,
1174 1478 1234 1525 V.
1262 1461 1331 1525 8:
1381 1456 1548 1525 αἰών
1569 1472 1721 1537 ταῖς
1743 1459 2065 1545 μεγάλαις
2092 1457 2336 1524 δέδωκε
2368 1459 2390 1540 ΙΙ
2421 1451 2580 1523 κόσ-

1380 1585 1508 1643 μον
1531 1553 1910 1644 Ἀθάναιςς
1955 1582 2223 1630 caesura
2264 1568 2415 1629 ante
2444 1563 2580 1628 lon-

1381 1684 1531 1747 gam
1573 1686 1705 1732 non
1742 1666 2081 1732 invenitur.

877 1771 984 1832 Str.
1019 1770 1078 1848 5,
1126 1786 1187 1831 v.
1227 1770 1336 1831 10:
1391 1764 1729 1849 Τιμονόου
1762 1759 1982 1833 παῖδ’.
2016 1765 2041 1852 ΙΙ
2075 1765 2217 1833 ἔστι
2263 1764 2329 1832 δ’
2366 1765 2582 1843 ἐοικός

1021 1888 1102 1928 ω
1128 1890 1189 1936 v.
1226 1872 1336 1934 15:
1382 1874 1798 1954 παγκρατίου
1847 1870 1857 1952 Ι
1901 1866 2250 1953 τλάθυμος
2294 1862 2472 1948 ἇὲξει
2517 1878 2583 1939 et

1376 1991 1440 2037 v.
1496 1976 1608 2056 253
1676 1974 1892 2041 brevis
1950 1973 2166 2041 medio
2224 1974 2289 2039 in
2346 1974 2580 2041 verbo:

1381 2094 1442 2141 v.
1491 2078 1594 2141 20.

604 2175 712 2242 Ist.
744 2174 836 2240 VI
877 2181 985 2242 Str.
1021 2179 1079 2260 5,
1127 2197 1188 2242 v.
1228 2180 1334 2243 10:
1379 2164 1423 2261 ἢ
1455 2179 1789 2258 Σπαρτῶν
1837 2173 2421 2263 ἀκαμαντολογχᾶν
2433 2206 2454 2260 ,·
2485 2184 2509 2257 ΙΙ
2540 2203 2580 2264 η

1383 2276 1497 2345 ὅτε
1524 2282 1847 2365 καρτερᾶς
1882 2286 1949 2347 et
1976 2299 2038 2346 v.
2068 2283 2169 2346 44.

1026 2400 1107 2439 Ν
1135 2401 1197 2446 v.
1230 2384 1338 2447 22:
1385 2385 1571 2446 νίκαν
1594 2386 2038 2467 παγκρατίου·
2074 2380 2305 2446 σθένει
2327 2374 2390 2445 τ’
2436 2380 2448 2463 Ι
2486 2380 2580 2446 ’έκ-

1382 2485 1643 2568 παγλος
1689 2483 1856 2550 ἷὸεῑν
1900 2507 1973 2548 τε
2015 2482 2366 2572 μορφάεις.

435 2587 514 2652 In
545 2585 895 2652 eorundem
926 2591 1143 2653 autem
1189 2591 1487 2670 quattuor
1529 2587 1881 2654 carminum
1929 2586 2315 2670 quibusdam
2361 2593 2584 2654 extant

255 2691 394 2759 loci
440 2709 640 2771 supra
683 2689 1050 2772 memorati,
1111 2688 1221 2772 qui
1265 2689 1509 2756 faciunt
1554 2695 1777 2756 contra
1828 2689 2042 2772 legem
2085 2689 2580 2757 Porsonianam:

254 2794 453 2861 Nem.
484 2792 550 2857 H
588 2795 684 2857 19.
729 2798 795 2857 ct
839 2790 939 2858 Ol.
971 2790 1069 2856 IX
1104 2793 1242 2857 108.

436 2895 639 2961 Ροιτο
682 2895 752 2959 in
797 2895 1027 2962 ceteris
1073 2895 1462 2962 carminibus
1507 2893 2164 2980 pseudologaoedicis
2223 2895 2397 2963 basis
2442 2896 2581 2980 gly-

259 2998 489 3081 conei,
550 3019 595 3064 a
637 3016 764 3080 quo
809 2997 1037 3081 incipit
1080 2996 1419 3082 periodus,
1478 2998 1571 3064 ita
1616 3002 1863 3063 tantum
1909 2997 2104 3064 utitur
2147 2998 2470 3082 spondeo,
2528 3000 2582 3065 si

260 3099 544 3185 spondei
601 3100 808 3166 altera
869 3099 1123 3183 syllaba
1178 3120 1322 3167 cum
1365 3105 1675 3184 sequente
1739 3100 2143 3183 coniungitur
2201 3106 2267 3166 ct
2309 3106 2582 3166 metrum

262 3202 500 3288 incipit
541 3202 651 3269 vel
695 3222 737 3267 a
765 3202 965 3268 verbo
1012 3202 1351 3285 trisyllabo
1396 3202 1504 3269 vel
1535 3203 1779 3268 maiore
1809 3202 1917 3268 vel
1946 3200 2393 3283 monosyllabo
2439 3220 2581 3266 cum

265 3309 581 3390 sequente
625 3304 905 3385 plurium
950 3304 1345 3388 syllabarum
1392 3305 1593 3372 verbo
1640 3311 1778 3370 arte
1817 3303 2182 3371 coniuncto:
2230 3302 2349 3387 Py.
2380 3303 2439 3369 V
2469 3305 2582 3368 93:

262 3404 614 3493 σκυρωτὰν
659 3396 836 3492 δ’ὁον,
882 3404 1055 3471 ἔνθα
1101 3418 1446 3492 πρυμνοῖς,
1494 3408 1614 3491 Py.
1645 3408 1708 3472 X
1737 3409 1845 3470 25:
1895 3405 2009 3469 καὶ
2055 3401 2239 3483 ζώων
2285 3400 2386 3470 ἔτι
2432 3428 2585 3488 νεα·

269 3508 407 3596 ρόν,
440 3510 561 3594 Py.
595 3508 693 3573 XI
722 3512 822 3575 20.
858 3512 958 3593 36,
1007 3510 1193 3576 Nem.
1225 3510 1312 3574 IV
1344 3513 1445 3575 21.
1481 3513 1583 3574 22.
1618 3512 1719 3575 29.
1752 3510 1853 3573 46.
1888 3512 1988 3574 53.
2025 3510 2125 3573 69.
2160 3508 2275 3595 78,
2323 3509 2430 3576 Ist.
2466 3510 2587 3576 VII

272 3618 383 3698 16,
444 3613 564 3697 Py.
610 3611 766 3678 VIII
797 3614 908 3694 57,
965 3611 1085 3695 frg.
1128 3615 1208 3678 35
1239 3611 1406 3695 ng.
1501 3610 1658 3690 (Sed
1713 3611 1830 3694 Py.
1866 3610 2019 3676 VIII
2050 3615 2162 3677 97:
2232 3609 2589 3697 λαμπρὸνΙ

265 3718 514 3801 φέγγος
559 3710 832 3778 ἔπεστιν
879 3704 1134 3798 ἀνδρῶν
1191 3719 1256 3781 et
1297 3714 1484 3780 Nem.
1518 3713 1607 3779 VI
1637 3716 1749 3778 49:
1809 3705 2072 3779 νικῶντ’
2112 3710 2136 3797 ΙΙ
2167 3706 2376 3800 ἤρεφε
2422 3713 2584 3779 δασ-

270 3821 480 3898 uim,-
523 3821 592 3884 at
636 3835 716 3882 ea
761 3822 909 3884 sunt
963 3816 1299 3899 editorum,
1347 3836 1473 3882 non
1504 3816 1837 3900 codicum;
1884 3818 1951 3882 in
1981 3816 2106 3885 hoc
2149 3818 2399 3885 scilicet
2440 3819 2583 3885 loco

269 3939 352 3987 ne
408 3919 496 3985 de
539 3924 744 3985 metro
806 3918 1067 4002 quidem
1123 3920 1281 3987 satis
1326 3926 1621 3988 constare
1675 3919 1834 3984 mihi
1880 3918 2179 3996 videtur.)
2269 3919 2384 3986 Sin
2430 3939 2583 3986 vero

269 4023 479 4088 altera
507 4021 810 4104 glyconei
841 4022 1034 4105 primi
1064 4022 1320 4106 syllaba
1348 4022 1737 4107 disiungitur
1780 4043 1822 4088 a
1851 4027 2179 4105 sequente,
2227 4021 2411 4088 basin
2443 4041 2583 4088 esse

270 4122 667 4191 trochaicam
713 4143 975 4192 necesse
1022 4132 1150 4192 est:
1195 4126 1313 4210 Py.
1347 4126 1401 4192 V
1434 4130 1535 4211 62,
1586 4126 1739 4193 VIII
1774 4130 1872 4190 17.
1906 4128 2003 4191 37.
2037 4128 2135 4189 77.
2183 4123 2367 4188 Nem.
2405 4123 2491 4188 IV
2524 4128 2582 4189 5.
