3177 4960
827 374 912 429 De
948 374 1363 431 irrationalitate
1399 368 1581 431 studia
1614 376 1935 447 rhythmica.
2413 382 2536 442 289

212 536 1110 633 ἆστερωπὸςΙῙᾶνεχόρευσεν
1150 544 1358 634 αἰθήρ
1391 569 1468 610 ω
1507 552 1700 615 1094:
1748 538 1907 615 ὅσον
1956 541 2225 637 εὐσεβίᾳ
2255 557 2537 638 κρατοῦ-

211 673 334 731 μεν
368 647 392 734 ΙΙ
429 643 660 715 ἄδικον
721 643 961 734 ἄροτον
1023 642 1301 735 ἀνδρῶν.
1403 651 1642 718 Troad.
1699 656 1854 718 517:
1906 643 2226 738 Ἀργείων
2283 646 2536 738 ὀλόμαν

213 750 509 819 τάλαινα
541 750 565 837 ΙΙ
600 749 1013 838 δοριάλωτος
1044 773 1121 814 ω
1155 757 1306 819 536:
1352 754 1653 818 κλωστοῦ
1684 745 1748 817 δ’
1802 746 2210 841 ἀμφιβόλοις
2253 757 2497 825 λίνοισι
2517 757 2536 843 ΙΙ

212 853 376 934 ναὸς
423 850 607 920 ὡσεί.

388 959 510 1026 Sin
540 964 756 1025 autem
788 958 1078 1025 ultimam
1116 958 1301 1025 metri
1346 958 1962 1043 pseudologaoedici
1993 958 2204 1026 thesin
2250 965 2539 1046 sequitur

215 1063 381 1130 arsis
430 1062 628 1145 longa
669 1082 710 1127 a
755 1061 954 1129 verbo
1000 1062 1377 1145 insequente
1422 1061 1775 1144 disiuncta,
1822 1062 1994 1128 arsin
2040 1064 2224 1146 sequi
2268 1084 2540 1133 necesse

217 1171 314 1233 est
342 1165 672 1250 syllabam
716 1164 982 1230 brevem
1012 1165 1123 1245 ita,
1169 1170 1239 1231 ut
1267 1164 1587 1248 glyconeo
1634 1164 1742 1230 vel
1787 1165 2105 1232 telesilleo
2152 1165 2537 1251 adiungatur

216 1288 345 1335 non
394 1266 720 1333 diiambus
767 1266 1174 1348 irrationalis,
1222 1265 1337 1333 sed
1371 1265 1799 1349 choriambus,
1848 1286 1949 1333 ex.
1988 1287 2081 1350 gr.
2114 1268 2343 1335 Trach.
2380 1275 2535 1336 517:

171 1360 362 1461 ,τότ’
429 1353 510 1456 ἦν
563 1364 786 1452 χερὸς,
846 1349 925 1452 ἦν
972 1365 1044 1431 δὲ
1096 1365 1308 1444 τόξων
1341 1364 1362 1451 ιι
1397 1364 1721 1452 πάταγος.
1812 1368 2001 1435 Adde
2047 1369 2234 1435 Pina.
2294 1371 2402 1437 Ist.
2447 1372 2538 1438 v1

217 1494 321 1558 ep.
353 1477 415 1558 2,
450 1494 511 1538 v.
545 1475 655 1538 29:
704 1464 923 1535 ἀστῶν
952 1472 1144 1557 γενεᾷ
1172 1473 1484 1555 μέγιστον
1518 1468 1539 1553 ΙΙ
1571 1471 1761 1546 κλέος
1792 1464 2044 1553 αὕξωνς
2089 1473 2204 1556 Py.
2240 1474 2296 1538 V
2327 1494 2428 1559 ep.
2463 1480 2535 1560 95

220 1576 398 1642 Pers.
436 1575 823 1655 572m5803
858 1571 1147 1656 Ohoeph.
1184 1576 1573 1656 320003373
1623 1571 1697 1639 Ο.
1732 1571 1869 1639 Col.
1907 1576 2026 1638 133
2052 1578 2380 1656 sq.cx>165
2406 1596 2535 1662 sq.;

217 1677 390 1745 Med.
440 1681 565 1743 650
590 1698 667 1737 w
692 1678 849 1758 6623
894 1675 1091 1760 Hipp.
1141 1680 1264 1740 740
1289 1704 1361 1741 ω
1387 1679 1544 1759 75Ο;
1588 1674 1890 1741 Heracld.
1942 1679 2059 1740 361
2087 1703 2159 1740 ω
2186 1680 2328 1743 370.
2380 1680 2536 1762 38Ο;

216 1782 402 1848 alias.

1112 1996 1401 2065 CAPUT
1445 1996 1653 2063 XVII.

581 2132 700 2210 De
752 2131 1075 2210 Pindari
1118 2135 1369 2209 metris
1406 2130 2178 2234 pseudoloqaoedz‘czls‘.

392 2290 600 2356 Venio
646 2309 814 2355 nunc
843 2288 927 2354 ad
960 2295 1164 2354 metra
1203 2287 1838 2372 pseudologaoedica
1882 2289 2041 2372 ipsa.
2133 2285 2540 2372 Contemple-

224 2413 365 2459 mur
396 2398 613 2458 autem
644 2391 908 2457 Pindari
941 2391 1245 2474 carmina,
1294 2391 1537 2473 quippe
1567 2391 1635 2456 in
1666 2390 1898 2473 quibus
1939 2394 2202 2473 propter
2232 2392 2541 2456 maiorem

221 2496 632 2581 stropharum
679 2496 846 2561 inter
890 2514 959 2561 se
1005 2492 1528 2577 respondentium
1573 2512 1909 2560 numerum
1953 2511 2056 2558 res
2100 2492 2353 2559 facilius
2396 2513 2539 2577 per-

219 2600 597 2683 spiciuntur.

396 2702 496 2768 Ac
523 2700 801 2785 primum
847 2698 1110 2782 quidem
1157 2698 1477 2781 glyconea
1506 2702 1571 2762 et
1601 2696 1845 2762 similes
1891 2700 2238 2761 metrorum
2280 2695 2538 2780 formas,

222 2825 384 2890 quas
417 2802 603 2870 basin
633 2803 984 2887 perfectam
1032 2798 1272 2865 habere
1317 2798 1555 2865 dicunt.
1630 2795 2295 2864 Animadvertendum
2325 2805 2541 2864 autem

225 2915 322 2975 est
364 2905 455 2973 ad
500 2924 581 2972 ea
624 2903 941 2971 eiusmodi
984 2907 1208 2983 metra,
1255 2919 1424 2985 quae
1469 2919 1551 2966 ex
1596 2899 1865 2967 duorum
1914 2899 2300 2982 simplicium
2347 2920 2542 2985 copu-

222 3011 467 3076 latione
526 3006 905 3092 (συναφείᾳ)
964 3005 1266 3072 oriuntur.
1355 3002 1431 3068 In
1492 3004 1587 3070 eis
1646 3003 1818 3069 enim
1873 3006 2144 3067 metrum
2199 3003 2539 3087 posterius,

225 3114 365 3180 sive
411 3110 696 3177 medium
741 3106 981 3174 habere
1026 3105 1281 3173 videtur
1325 3105 1767 3173 choriambum
1801 3104 1941 3170 sive
1988 3109 2363 3184 extremum,
2411 3104 2541 3186 syl-

226 3215 378 3281 laba
421 3213 635 3298 prima
675 3211 872 3277 utitur
917 3228 1169 3293 semper
1213 3209 1438 3293 longa3
1486 3227 1637 3273 nam
1668 3206 1861 3288 basis,
1909 3224 2075 3288 quae
2106 3203 2357 3286 dicitur,
2405 3207 2538 3269 tum

228 3317 429 3384 iambi
473 3317 746 3382 formam
789 3334 915 3382 non
960 3312 1210 3397 recipit.
1301 3309 1604 3378 Secunda
1645 3316 1859 3374 autem
1906 3304 2161 3389 syllaba
2205 3303 2539 3370 irrationa-

228 3419 426 3486 litatis
457 3417 704 3484 indicia
732 3417 1018 3502 praebet,
1056 3434 1203 3481 nam
1237 3412 1430 3479 modo
1461 3412 1658 3494 longa
1688 3415 1805 3487 est,
1839 3405 2028 3472 modo
2061 3405 2297 3483 breviS,
2345 3411 2541 3489 atque

229 3522 316 3588 ita
361 3518 648 3605 quidem,
693 3525 763 3585 ut
806 3520 1001 3602 longa
1046 3536 1175 3583 non
1220 3521 1523 3599 ponatur,
1568 3512 1693 3577 nisi
1741 3528 1884 3576 cum
1930 3507 2185 3592 syllaba
2230 3515 2542 3590 sequente

232 3623 658 3705 coniungitur,
701 3621 919 3688 brevis
963 3626 1212 3702 autem,
1277 3616 1528 3700 quoties
1573 3613 1863 3695 sequitur
1906 3629 2194 3692 caesura,
2240 3609 2541 3692 ponenda

227 3726 326 3792 sit.
418 3723 609 3803 Quod
653 3722 978 3789 invenitur
1018 3721 1180 3788 locis
1226 3718 1359 3785 his:

309 3827 409 3911 Py
439 3826 506 3892 II
536 3832 645 3891 Str.
677 3826 746 3890 2:
791 3843 854 3889 v.
897 3826 965 3889 2:
1009 3824 1281 3904 τέμενος
1309 3812 1550 3902 ’Ἀρεος
1599 3809 1857 3898 ἄνδρων
1893 3813 1905 3898 Ι
1943 3812 2180 3879 ἵππων
2225 3836 2298 3878 τε
2345 3811 2538 3878 σιδα-

1049 3922 1385 4008 ροχαρμᾶν
1417 3927 1481 3987 et
1511 3939 1616 3986 vv.
1651 3922 1751 3984 10.
1786 3919 1867 3982 82
1898 3917 2073 3995 (edit.
2106 3916 2534 3982 Teubnerian.

1045 4045 1172 4093 rec.
1218 4025 1317 4091 W.
1362 4022 1594 4090 Christ.
1640 4021 1791 4104 Lps.
1843 4021 2032 4096 1887)

228 4134 459 4219 quibus
505 4135 911 4215 opponuntur
956 4146 1178 4195 versus
1225 4126 1321 4191 hi:
