3177 4960
878 363 964 418 De
997 363 1411 442 irrationalitate
1445 363 1625 420 studia
1659 364 1977 435 rhythmica.
2463 368 2587 427 273

449 535 592 622 Iph.
631 537 776 603 Aul.
870 540 1025 601 400:
1072 534 1282 601 ταῦτά
1328 557 1438 602 σοι
1480 538 1729 620 βραχέα
1775 534 2070 602 λέλεκται

590 689 627 722 ‚‚
832 641 1023 705 1363:
1073 630 1273 714 αὐτὸς
1318 631 1530 714 οὗτος.
1578 644 1740 704 ΚΛ.
1788 637 1933 704 >ι’δια
1978 637 2304 724 πράσσων

585 790 624 824 ,,
826 743 1020 806 1370:
1067 742 1164 825 τῷ
1208 739 1432 807 πόσει.
1522 738 1607 805 τὰ
1657 733 1720 805 δ’
1776 732 2064 806 ἀδύναθ’
2117 736 2292 828 ἡμῖν.

267 842 781 910 Animadvertas
815 844 1128 927 pleraque
1160 844 1297 911 eius
1342 844 1678 912 solutionis
1716 845 2018 930 exempla
2063 846 2126 910 in
2176 847 2412 914 ultimis
2458 870 2588 917 me-

264 946 488 1012 diisve
535 945 720 1013 verbi
765 946 872 1012 vel
929 946 1267 1012 verborum
1326 951 1463 1012 arte
1523 967 1912 1014 conexorum
1971 948 2240 1030 syllabis
2287 949 2496 1018 inesse
2524 955 2588 1035 ¹),

269 1049 573 1132 incipere
614 1054 830 1114 autem
873 1048 1142 1115 verbum
1188 1069 1229 1114 a
1273 1049 1501 1115 solutis
1546 1049 1816 1132 syllabis
1852 1051 1917 1114 in
1950 1069 2030 1115 ea
2060 1056 2301 1117 tantum
2348 1040 2606 1137 fabula,

265 1170 470 1234 quam
517 1156 906 1235 postremam
938 1151 1020 1216 ab
1052 1150 1365 1235 Euripide
1396 1150 1762 1218 inchoatam
1796 1158 1860 1218 et
1889 1173 1930 1218 a
1959 1153 2232 1236 posteris
2264 1153 2589 1221 edolatam

264 1274 344 1320 ac
370 1253 741 1338 suppletam
767 1272 908 1319 esse
941 1259 1207 1320 constat.
1268 1254 1343 1319 In
1368 1253 1596 1320 eadem
1626 1254 1845 1319 tabula
1875 1260 2172 1337 quattuor
2201 1256 2391 1323 unica
2420 1259 2587 1325 solu-

265 1355 466 1423 tionis
490 1362 640 1438 post
661 1355 931 1422 alteram
955 1357 1306 1422 tetrametri
1328 1357 1503 1423 arsin
1526 1357 1783 1438 longam
1816 1357 2226 1424 inveniuntur
2258 1362 2587 1445 exempla:

586 1496 644 1541 v.
694 1479 843 1542 319:
895 1471 973 1538 σύ
1022 1473 1094 1539 δὲ
1139 1479 1207 1539 τί
1251 1466 1415 1559 τῷδ’
1470 1473 1566 1551 εἷς
1612 1472 1750 1559 ἔριν
1799 1466 2039 1561 ἀφῖξαι

688 1580 838 1644 321:
888 1578 1032 1659 μιῦν
1077 1580 1318 1661 τρέσας
1366 1568 1484 1640 οὐκ
1531 1568 1942 1659 ἀνακαλύψω

689 1683 841 1745 364:
890 1674 980 1755 (ὃς
1028 1677 1271 1765 φονεὺς
1317 1671 1538 1743 οὐκέτι
1581 1676 1919 1765 θυγατρὸς

687 1784 840 1847 883:
888 1773 1091 1846 πάντ’
1145 1778 1343 1862 ἔχεις·
1371 1772 1720 1866 Ἀρτέμιδι
1763 1778 2002 1844 θύσειν

271 1922 545 1985 quorum
588 1903 794 1985 primo
842 1909 906 1968 et
952 1902 1233 1970 secundo
1279 1901 1579 1968 facilibus
1636 1901 2189 1969 emendationibus
2232 1898 2325 1981 (ἐς
2355 1906 2437 1970 'et
2482 1896 2590 1990 ἆγ-

271 2001 584 2088 καλύψω)
646 2005 1026 2083 subvenias,
1079 2005 1335 2071 tertium
1396 2024 1538 2070 cum
1588 2003 1923 2070 Dindorfio
1984 2004 2237 2088 eiicias,
2299 2014 2594 2089 quartum

272 2114 343 2174 ut
386 2108 455 2172 in
500 2108 761 2174 nomine
804 2108 1065 2191 proprio
1112 2106 1371 2174 tolerari
1416 2125 1612 2192 posse
1657 2106 1857 2174 dicas.
1949 2105 2079 2172 Sed
2127 2108 2221 2173 eis
2266 2128 2393 2174 non
2431 2130 2593 2194 opus

273 2216 403 2293 est,
463 2211 523 2276 si
567 2209 960 2295 depravatae
1019 2210 1141 2275 arti
1188 2229 1298 2276 eos
1343 2229 1566 2276 versus
1627 2209 1983 2276 tribuimus.
2073 2209 2337 2278 Praeter
2382 2231 2460 2277 ea
2503 2214 2594 2280 le-

271 2319 507 2396 guntur
566 2311 691 2378 duo
751 2313 816 2377 in
876 2310 1294 2378 editionibus:
1370 2311 1760 2396 Hipponact.
1818 2311 1938 2393 frg.
2002 2312 2115 2375 83:
2174 2308 2410 2393 λάβετε
2463 2315 2595 2394 μοῦ

272 2412 648 2500 θαίμάτια,
705 2412 901 2498 κόψω
947 2411 1310 2478 Βουπάλου
1365 2410 1483 2478 τὸν
1528 2404 1896 2499 ὀφθαλμόν
1956 2412 2211 2497 scripsit
2252 2414 2591 2497 Bergkius,

272 2517 620 2601 θαίμάτια
673 2519 803 2601 μοῦ
862 2514 1097 2601 λάβετε
1141 2517 1551 2597 Welckerus,
1614 2512 1848 2598 λάβετε
1904 2515 2035 2597 μοῦ
2077 2512 2443 2596 θοίμάτιον
2491 2538 2596 2584 co-

275 2623 476 2707 dices,
522 2622 634 2687 ubi
677 2621 1023 2705 legendum
1057 2639 1200 2688 esse
1240 2621 1486 2686 conicio
1534 2615 1771 2700 λάβετὲ
1818 2641 1954 2699 μοι,
2001 2608 2316 2700 θιρμάντι
2362 2621 2469 2697 (=
2497 2622 2596 2705 τῷ

280 2723 531 2807 ἱμάντι)
582 2721 779 2809 κόψω
826 2753 909 2774 22-
953 2722 1476 2808 comprehendite
1534 2720 1698 2786 mihi
1743 2721 2094 2805 Bupalum,
2161 2726 2378 2788 caestu
2423 2724 2592 2788 enim

277 2830 506 2895 feriam
539 2829 676 2895 eius
709 2827 984 2911 oculum,
1029 2827 1154 2892 nisi
1184 2826 1347 2892 forte
1377 2821 1713 2909 θαίμάτια
1758 2824 1960 2890 tribus
2006 2823 2275 2908 syllabis
2319 2845 2595 2909 pronun-

279 2930 588 2997 tiandum.
677 2931 732 2996 E
773 2949 996 2996 versus
1042 2934 1256 2995 autem
1285 2926 1484 2994 Rhesi
1531 2930 1654 2992 685
1695 2926 1983 3011 'pessime
2029 2925 2370 2993 disturbati
2413 2930 2597 2995 ruina

280 3031 651 3100 Dindorfius
693 3033 1000 3099 restituit:

833 3126 1005 3198 άλλά
1049 3130 1331 3217 θάρσει·
1380 3131 1595 3207 πέλας
1640 3122 1765 3210 ἴθ’,
1812 3129 2012 3195 ἵστω·

457 3290 509 3353 1)
544 3285 681 3338 Item
729 3285 786 3338 in
833 3283 1068 3339 trimetri
1112 3282 1251 3353 pede
1296 3282 1484 3352 quinto
1529 3280 1834 3350 Aeschylus
1879 3281 1933 3332 et
1978 3277 2275 3345 Sophocles
2328 3276 2600 3334 evitarunt

288 3377 411 3426 ante
447 3371 656 3426 solutas
691 3369 926 3438 syllabas
966 3383 1180 3424 versum
1216 3367 1479 3435 incidere,
1529 3365 1622 3420 sed
1660 3369 1757 3418 aut
1793 3377 1885 3418 eas
1932 3363 1990 3416 in
2024 3361 2198 3416 medio
2234 3362 2317 3416 vel
2355 3366 2597 3421 extremo

286 3458 449 3513 verbo
478 3454 822 3511 collocabant
857 3455 947 3522 (cf.
972 3455 1123 3510 locos
1149 3468 1316 3523 supra
1340 3469 1393 3522 p.
1422 3456 1516 3505 271
1548 3451 1908 3514 enumeratos)
1945 3450 2059 3515 aut,
2095 3445 2144 3501 si
2166 3447 2236 3501 ab
2275 3447 2351 3501 eis
2374 3448 2599 3504 verbum

284 3542 638 3612 incipiebant,
674 3540 990 3609 plerumque
1023 3539 1103 3595 eis
1127 3535 1537 3608 praeponebant
1571 3532 2003 3602 monosyllabum
2039 3548 2160 3588 cum
2186 3533 2264 3587 eis
2291 3538 2410 3587 arte
2435 3549 2597 3589 cone·

285 3642 413 3681 xum
452 3625 537 3681 vel
572 3624 1027 3694 praepositionem
1066 3624 1233 3691 (Pers,
1262 3626 1388 3677 448:
1432 3615 1463 3678 ὃ
1491 3615 1822 3692 φιλόχορος,
1861 3621 1991 3672 492:
2031 3612 2088 3683 ἔς
2123 3637 2186 3674 τε
2220 3614 2596 3686 Μακεδόνων,

287 3711 470 3782 Suppl.
500 3715 627 3765 259:
667 3702 806 3767 τάπὶ
841 3706 977 3768 τάδε
1011 3712 1227 3783 κρατεῦ,
1264 3708 1326 3762 Ο.
1364 3707 1431 3762 R.
1474 3710 1632 3759 1505:
1672 3721 1781 3774 σφε
1819 3704 2090 3776 περιίδῃς,
2125 3703 2264 3757 Phil.
2297 3706 2451 3758 1327:
2490 3698 2599 3760 τὸν

286 3791 569 3868 α’καλυφῆ,
594 3795 760 3865 Soph.
779 3795 881 3864 frg.
906 3799 1022 3860 235,
1048 3802 1102 3848 1:
1140 3814 1225 3860 τις
1249 3788 1492 3859 ἐνάλιος,
1528 3792 1656 3844 item
1679 3789 1737 3844 in
1760 3788 1961 3843 melicis
1985 3787 2263 3843 trimetris:
2304 3788 2452 3857 Sept.
2479 3792 2595 3842 849.

285 3883 372 3937 El.
404 3884 718 3949 126oe142).
790 3881 937 3936 Raro
986 3880 1185 3936 solutio
1233 3883 1360 3948 post
1394 3878 1618 3933 verbum
1654 3874 1979 3945 bisyllabum
2024 3873 2264 3927 maiusve
2298 3871 2593 3947 invenitur3

285 3968 464 4024 Prom.
493 3971 584 4022 52:
635 3965 811 4036 δέσμα
848 3971 1207 4039 περιβαλεῖν,
1253 3964 1413 4020 Eum.
1439 3967 1530 4017 40:
1570 3957 1751 4032 ἄνδρα
1786 3961 2070 4030 θεομυσῆ,
2113 3958 2269 4013 Pers·
2296 3961 2419 4011 501:
2466 3979 2596 4031 κρυ·-

292 4056 658 4125 σταλλοπῆγα
696 4047 783 4109 διὰ
823 4048 1015 4124 πόρον
1040 4051 1121 4117 (Ῥ).
1194 4048 1351 4105 Unde
1386 4048 1563 4103 elucet
1598 4045 1746 4101 arsin
1780 4046 2011 4109 brevem,
2051 4058 2157 4112 quo
2192 4041 2360 4109 magis
2397 4057 2430 4095 a
2454 4043 2596 4097 thesi

292 4141 548 4209 sequente
583 4141 836 4208 separata
873 4141 974 4203 est,
1014 4152 1078 4192 eo
1114 4135 1283 4204 magis
1320 4132 1587 4189 inclinare
1628 4131 1697 4186 ad
1732 4128 2217 4186 irrationalitatem.
