3177 4960
616 341 740 404 312
1583 341 1743 412 nugo
1779 342 1971 397 Jusatz

616 517 844 602 incipit
872 516 1198 600 periodus,
1243 518 1474 585 abesse
1519 515 1815 600 dactylos
1860 516 2080 598 trinos,
2116 535 2157 581 a
2186 515 2418 581 ceteris
2438 515 2667 581 -binos.
2751 512 2935 591 Quod

618 621 674 686 si
730 620 921 686 aliter
976 638 1049 685 se
1106 618 1345 687 habere
1402 617 1693 702 videtur,
1752 624 1864 684 aut
1917 623 2186 684 metrum
2241 615 2618 684 mendosum
2678 622 2784 683 est
2832 622 2937 681 aut

621 720 924 806 rhythmo
998 721 1315 805 glyconeo
1380 742 1510 789 non
1575 719 2091 788 adscribendum.
2200 720 2370 786 Nam
2435 717 2743 786 Heracld.
2818 722 2931 783 777

619 821 771 889 ἐπεί
816 843 927 887 σοι
971 821 1407 899 πολύθυστος
1452 814 1558 888 ἀεὶ
1605 823 1862 906 scripsit
1905 821 2311 906 Dindorfius,
2358 829 2428 888 ut
2469 841 2733 889 versum
2780 823 2932 888 anti·

618 924 923 1010 strophae
953 928 1169 993 versui
1199 928 1373 1006 (770)
1405 932 1817 1010 exaequaret.
1909 926 1995 991 At
2024 925 2282 992 codices
2310 931 2485 993 recte
2522 922 2930 1023 πολύθυτος,

617 1030 686 1096 in
728 1027 1136 1113 antistropha
1177 1031 1392 1114 potius
1429 1031 1703 1095 alterum
1751 1024 1870 1092 σὸν
1916 1028 2293 1095 delendum:
2341 1018 2511 1107 ἀλλ’,
2559 1022 2612 1090 ὠ
2658 1025 2930 1106 πότνια,

619 1129 738 1197 σὸν
791 1127 916 1217 γὰρ
986 1116 1243 1209 ori-dag
1297 1133 1420 1215 γᾶς
1474 1132 1585 1196 καὶ
1644 1127 1878 1210 πόλις,
1929 1122 2009 1207 ἇς
2065 1126 2144 1194 σὺ
2201 1127 2584 1217 ped-‘mom
2614 1127 2774 1196 ἐπεί
2831 1151 2933 1195 σοι

618 1220 1009 1328 πολύθυκΐος
1055 1244 1162 1317 ἆεὶ
1202 1247 1365 1334 τιμὰ
1410 1255 1770 1333 κραίνεται,
1818 1241 1972 1315 οὐδὲ
2019 1246 2278 1314 λά-θει.
2310 1250 2609 1317 —Here.
2655 1250 2778 1316 fur.
2813 1252 2925 1314 791

619 1355 1028 1422 scribendum
1058 1354 1325 1437 μουσῶν
1350 1347 1786 1418 Ἐλικωνίὸων
1818 1354 1934 1431 (sic
1958 1351 2030 1436 O,
2056 1344 2533 1418 Ἑλικωνιάδων
2566 1352 2932 1428 Barnesius)

618 1455 725 1523 vel
773 1457 948 1542 quod
999 1458 1067 1524 in
1112 1456 1188 1524 Ο.
1220 1456 1295 1523 Β.
1327 1477 1390 1522 v,
1428 1458 1591 1521 1108
1639 1456 1974 1540 proposuit
2018 1455 2579 1522 Wilamowitzius:
2640 1454 2931 1541 Νυμφᾶν

619 1554 1041 1624 ἑλικωπίὸων
1088 1552 1584 1631 (Ἑλικωνιάδων
1628 1557 1726 1632 L).
1815 1557 2199 1623 Referuntur
2257 1563 2473 1624 autem
2530 1557 2731 1640 vulgo
2777 1559 2932 1623 inter

619 1662 938 1747 glyconea
968 1669 1173 1729 metra
1201 1682 1411 1746 pauca
1456 1661 1776 1744 quaedam
1822 1661 1888 1726 in
1934 1660 2095 1727 duos
2125 1665 2511 1744 anapaestos
2556 1660 2929 1727 desinentia.

621 1762 811 1842 Quod
856 1765 1074 1848 aliquo
1120 1765 1258 1830 iure
1302 1763 1542 1831 factum
1588 1782 1731 1830 esse
1776 1761 2050 1846 videtur,
2097 1763 2399 1845 quoniam
2445 1762 2766 1830 eiusmodi
2809 1781 2931 1827 me-

619 1871 785 1932 trum
830 1867 1153 1932 invenitur
1195 1867 1360 1931 inter
1401 1865 1721 1949 glyconea
1762 1865 1953 1932 unico
1997 1865 2140 1931 loco
2172 1864 2319 1930 Eur.
2353 1864 2452 1931 El.
2485 1866 2641 1930 439:
2687 1866 2931 1950 κοῦφον

622 1956 803 2049 ἅλμα
870 1966 1101 2031 ποδῶν
1159 1958 1387 2050 Ἀχιλῆ
1428 1987 1509 2026 m
1551 1972 1708 2033 449:
1779 1964 2082 2042 ἱππότας
2150 1968 2393 2053 τρέφεν
2446 1959 2713 2033 Ἑλλάδι
2772 1968 2929 2054 φῶς.

620 2069 707 2134 At
774 2070 917 2151 quis
986 2068 1137 2136 huic
1197 2071 1319 2136 soli
1385 2070 1530 2136 loco
1587 2076 1834 2136 tantum
1890 2070 2159 2152 tribuat,
2226 2076 2297 2136 ut
2352 2089 2430 2137 eo
2488 2070 2599 2136 lex
2660 2071 2931 2150 tollatur,

620 2170 999 2254 praesertim
1059 2190 1201 2237 cum
1263 2170 1416 2237 insit
1459 2172 1525 2236 in
1572 2172 1887 2254 carmine,
1947 2173 2014 2236 in
2061 2190 2188 2256 quo
2233 2178 2441 2239 metra
2484 2179 2550 2238 et
2592 2174 2929 2240 verborum

621 2273 908 2356 syllabas
967 2293 1216 2339 summa
1272 2272 1537 2340 licentia
1595 2279 1904 2340 tractasse
1963 2274 2338 2358 Euripidem
2395 2274 2694 2341 constat?
2781 2272 2932 2340 Mihi

622 2374 885 2458 quidem
930 2395 1229 2443 numerus
1274 2376 1999 2460 iambo-anapaesticus
2043 2377 2151 2443 vel
2195 2375 2930 2462 trochaeo-dactylicus,

619 2479 661 2544 i.
722 2497 777 2545 e.
837 2498 992 2546 vere
1052 2479 1470 2564 logaoedicus
1527 2480 1742 2548 inesse
1797 2478 2082 2565 videtur,
2145 2479 2353 2564 qualis
2408 2480 2476 2546 in
2533 2479 2679 2565 Iph.
2749 2482 2928 2548 Taur.

621 2600 684 2645 v.
711 2584 867 2646 402:
899 2569 942 2666 ἢ
966 2578 1259 2667 ῥεύματα
1284 2578 1493 2665 σεμνὰ
1516 2585 1807 2663 Δίρ-κας
1831 2580 2081 2664 ἔβασαν
2107 2579 2357 2664 ἔβασαν
2383 2574 2700 2665 ἅμι-κτον
2723 2582 2741 2665 ΙΙ
2766 2578 2928 2661 αἶαν,

622 2678 793 2746 ἔνθα
837 2680 1043 2767 κούρα
1074 2702 1147 2740 ω
1177 2689 1333 2750 417:
1393 2676 1598 2766 ὄλβου
1655 2681 1864 2766 βάρος
1912 2685 1978 2748 οἳ
2023 2687 2381 2770 φέρον-ται
2437 2682 2776 2770 πλάνητες
2819 2675 2925 2750 ἐπ’

623 2778 826 2867 οἶδμα
885 2782 1121 2861 πόλεις
1177 2808 1250 2849 τε
1293 2784 1316 2871 ΙΙ
1360 2784 1739 2870 βαρβάρους
1795 2788 2131 2871 περῶντες
2189 2793 2254 2853 et
2308 2786 2408 2853 El.
2469 2790 2625 2852 700:
2689 2779 2931 2863 ἀταλᾶς

622 2879 754 2950 ὕπὸ
789 2884 1045 2969 ματρὸς
1088 2880 1448 2975 Άρ·γηίων
1493 2880 1704 2974 ὀρέων
1748 2889 1916 2955 ποτὲ
1947 2886 2477 2975 κληόὠνω714ε
2524 2891 2821 2972 θυμέλαι
2863 2880 2923 2953 δ’

625 2983 981 3053 ἐπίτναντο
1022 2987 1493 3074 χρυ-σήλατοι,
1555 2992 1897 3076 σελαγεῖτο
1945 2984 2007 3056 δ’
2062 2984 2167 3057 ἀν’
2221 2986 2410 3057 ὂὶστυ.
2502 2992 2813 3061 Similiter
2863 3012 2929 3059 se

626 3089 864 3157 habere
910 3090 1211 3159 videntur
1253 3113 1477 3160 versus
1517 3094 1750 3161 Bacch.
1803 3097 2184 3160 112ω127.
2252 3098 2371 3159 115
2397 3098 2640 3161 ω130.
2732 3097 2931 3179 Atque

624 3194 753 3259 iam
784 3195 849 3259 in
881 3194 1165 3278 priorum
1197 3195 1559 3262 fabularum
1592 3197 2086 3280 Euripidearum
2120 3217 2247 3263 una
2278 3198 2524 3280 duplex
2555 3204 2928 3283 anapaestus

622 3295 690 3360 in
743 3297 1059 3380 glyconeo
1119 3299 1332 3366 inesse
1389 3297 1675 3364 videtur:
1734 3299 1932 3384 Hipp.
1996 3303 2119 3366 739
2159 3319 2237 3360 ω
2289 3304 2434 3365 749.
2523 3300 2613 3367 At
2673 3307 2925 3368 metrum

625 3398 1167 3480 quemadmodum
1211 3401 1295 3468 sit
1340 3400 1795 3484 dirimendum,
1841 3401 2123 3468 maxime
2168 3402 2501 3468 incertum.

795 3498 955 3564 Mihi
998 3501 1193 3583 igitur
1238 3521 1617 3586 persuasum
1650 3510 1748 3570 est
1775 3522 1984 3586 neque
2031 3504 2096 3569 in
2143 3504 2462 3588 glyconeo
2493 3500 2723 3587 altero,
2768 3500 2926 3587 quod

626 3600 878 3676 dicitur,
925 3621 1041 3684 pro
1086 3603 1302 3670 iambo
1349 3605 1574 3671 ultimo
1618 3605 1774 3690 poni
1818 3607 2106 3690 potuisse
2151 3612 2574 3692 anapaestum
2622 3625 2824 3690 neque
2863 3605 2927 3668 in

625 3701 943 3783 glyconeo
988 3705 1176 3769 tertio
1220 3725 1337 3790 pro
1382 3705 1687 3773 trochaeo
1717 3708 1921 3774 altero
1967 3706 2316 3793 dactylum.
2405 3708 2578 3774 Nam
2625 3709 2692 3773 in
2722 3725 2927 3774 eorum

628 3807 972 3869 metrorum
1015 3809 1432 3888 responsione
1461 3815 1532 3874 ut
1574 3808 1880 3877 trochaeo
1927 3809 2244 3894 dactylus,
2291 3810 2555 3892 dactylo
2602 3807 2927 3876 trochaeus

626 3903 1017 3986 respondere
1076 3905 1363 3990 videtur,
1422 3910 1513 3976 ita
1569 3910 1872 3978 trochaeo
1932 3918 1998 3978 et
2056 3911 2321 3996 dactylo
2385 3912 2493 3979 vel
2557 3911 2810 3996 dactylo
2866 3912 2929 3974 et

627 4002 930 4072 trochaeo
989 4025 1305 4091 nusquam
1349 4012 1742 4095 respondent
1803 4012 2047 4098 dactyli
2091 4013 2248 4080 bini.
2337 4013 2509 4080 Nam
2554 4013 2699 4098 Iph.
2744 4013 2929 4079 Taur-

627 4108 1069 4174 versui1109:
1118 4101 1456 4193 ὀλομένων
1490 4108 1556 4178 ἐν
1603 4115 1834 4179 ναυσὶν
1880 4112 2038 4197 ἔβαν
2084 4122 2258 4183 recte
2305 4115 2568 4183 codices
2615 4119 2931 4200 opponunt
