3177 4960
920 330 1005 386 De
1036 329 1457 387 irrationalitate
1491 330 1674 386 studia
1706 331 2028 401 rhythmica.
2502 334 2629 393 335

315 505 568 572 absona
635 502 955 587 quaedam
1022 522 1100 570 ac
1165 504 1509 587 singularis
1567 509 1796 570 natura
1853 504 2222 581 (Hermann.
2269 525 2487 589 opusc.
2533 508 2633 574 ΙΙΙ

317 628 383 692 p.
422 610 537 671 121
576 626 738 690 sqq„
770 604 1026 672 Caesar.
1059 603 1333 689 Grdzge.
1366 626 1428 691 p.
1470 608 1585 669 142
1617 605 1880 681 adnot).
1926 603 2172 684 Quibus
2201 608 2315 673 alii
2346 628 2461 675 suo
2491 610 2633 675 iure

319 710 606 777 oblocuti
651 707 1023 791 rhythmum
1068 708 1162 773 ita
1204 709 1329 774 sibi
1363 714 1669 775 ‘constare
1713 728 1906 793 posse
1957 715 2227 791 negant,
2287 711 2410 778 nisi
2454 718 2630 779 aute·

320 811 762 897 paenultimae
808 810 1102 894 syllabae
1146 810 1461 876 tribuatur
1490 810 1770 894 spatium
1801 810 2132 877 trisemum
2161 809 2416 885 (Christ.
2449 812 2631 879 Metr.

320 936 382 998 p.
419 917 586 991 361).
687 913 774 978 At
828 917 1121 978 neutram
1180 913 1565 979 seutentiam
1622 933 1766 979 cum
1821 913 2014 979 rebus
2071 913 2230 997 ipsis
2288 916 2634 981 convenire

322 1016 483 1084 mihi
528 1033 907 1101 persuasum
940 1021 1054 1081 est.
1129 1013 1414 1081 Primum
1448 1015 1618 1081 euim
1648 1015 1732 1081 de
1763 1015 1879 1080 illa
1907 1015 2319 1100 percussione
2364 1024 2430 1083 et
2458 1036 2631 1084 men-

322 1140 475 1186 sura
518 1137 601 1185 ne
645 1118 892 1184 metrici
923 1118 1453 1201 grammaticique
1485 1116 1745 1201 quidem
1778 1117 2129 1202 quidquam
2168 1126 2631 1201 compererunt.

322 1222 563 1289 Marius
600 1221 771 1287 euim
804 1219 1050 1286 Plotius
1082 1219 1399 1287 Sacerdos
1430 1222 1515 1304 (p.
1552 1223 1698 1301 519,
1731 1223 1812 1286 23
1843 1220 2039 1298 Keil.)
2065 1220 2632 1307 „Hipponactium‚

319 1325 549 1408 inquit,
596 1324 945 1389 trimetrum
993 1321 1248 1388 clodum
1294 1323 1648 1406 percutitur
1690 1324 1856 1390 sicut
1898 1323 2247 1390 iambicum
2278 1324 2631 1390 trimetrum

323 1423 830 1509 Archilochium,
876 1424 1191 1491 comicum
1221 1425 1329 1491 vel
1361 1426 1695 1508 tragicum,
1741 1425 1858 1492 sed
1887 1425 2344 1508 paenultimam
2373 1427 2633 1509 longam

324 1528 522 1595 habet
567 1533 790 1596 contra
832 1527 1087 1594 illorum
1130 1527 1513 1593 rationem.“
1600 1528 1763 1593 Iuba
1816 1526 1993 1612 apud
2038 1526 2242 1593 Rufiu.
2276 1549 2339 1612 p.
2373 1532 2519 1612 562,
2558 1533 2636 1594 19

320 1632 408 1698 de
453 1630 915 1700 choliambico:
975 1635 1114 1706 „est
1157 1635 1373 1696 autem
1420 1630 1823 1714 proceritatis
1869 1628 2158 1696 eiusdem
2204 1648 2461 1713 versus,
2523 1632 2634 1713 qui

322 1734 511 1819 pedis
555 1732 927 1799 differentia
969 1750 1203 1797 nomeu
1248 1730 1502 1798 amittit.
1526 1734 1553 1764 ‘⁴
1641 1730 2085 1797 Irratioualem
2142 1737 2356 1804 autem
2414 1730 2635 1798 sedem

320 1837 786 1922 paenultimam
833 1853 975 1902 esse
1034 1853 1155 1900 nec
1199 1831 1436 1918 thesis,
1494 1834 1694 1899 immo
1750 1834 1914 1900 arsis
1969 1833 2114 1901 loco
2159 1834 2437 1918 positam
2483 1833 2636 1899 inde

322 1940 564 2023 elucet,
625 1935 799 2021 quod
859 1935 1177 2003 interdum
1236 1935 1618 2020 exprimitur
1674 1935 1930 2018 syllaba
1984 1936 2185 2002 brevi.
2276 1932 2466 2013 Quod
2508 1935 2637 2001 iam

321 2038 786 2108 animadvertit
845 2037 1235 2105 Heliodorus
1289 2036 1466 2122 apud
1529 2037 1835 2104 Priscian.
1868 2059 1931 2121 p.
1966 2038 2111 2122 428,
2144 2041 2228 2102 24
2256 2038 2372 2104 K.:
2433 2037 2635 2121 „Hip-

320 2148 662 2226 ponactem
694 2142 887 2208 etiam
932 2138 1216 2207 ostendit
1244 2138 1636 2206 Heliodorus
1666 2141 1916 2207 iambos
1949 2146 2015 2208 et
2058 2138 2457 2207 choliambos
2487 2160 2638 2207 con·

323 2247 464 2314 fuse
510 2245 933 2331 protulisse“;
979 2242 1281 2325 exemplo
1327 2248 1544 2308 autem
1588 2243 1803 2308 attulit
1847 2242 2008 2308 illud
2055 2243 2198 2325 (frg.
2241 2246 2312 2308 16
2347 2241 2565 2325 ng.):

729 2357 927 2448 Ἑρμῆ
974 2351 1123 2446 φίλ’
1169 2353 1386 2446 Ἑρμῆ,
1435 2357 1758 2424 Μαιαόεὗ
1801 2358 2152 2444 Κυλλήνιε,

737 2461 1103 2546 ἐπεύχομαι
1146 2478 1285 2528 τοι·
1331 2459 1539 2547 κάρτα
1585 2458 1710 2547 γὰρ
1757 2462 1971 2538 κακῶς
2019 2460 2202 2547 ῥιγῶ.

322 2588 729 2671 Quamquam
790 2584 941 2651 huic
998 2580 1328 2669 Κυλλήνιε
1374 2581 1753 2648 Welckerus
1799 2581 2104 2666 (Hippou.
2140 2587 2205 2648 et
2234 2581 2438 2646 Anan.
2471 2580 2634 2663 frgg.

322 2713 384 2778 p.
434 2692 539 2766 38)
597 2696 662 2755 et
723 2683 1123 2753 Meineckius
1181 2686 1385 2768 (poes.
1431 2682 1597 2750 chol.
1632 2704 1695 2767 p.
1731 2688 1877 2759 104)
1932 2685 2063 2750 vim
2125 2683 2429 2765 intulere,
2490 2701 2635 2747 cum

323 2793 606 2861 scribant
635 2791 747 2856 ille
775 2785 1156 2874 Κυλλήνειε,
1203 2785 1311 2853 hic
1339 2783 1734 2869 Κυλλήναιε,
1780 2787 2006 2869 invito,
2052 2791 2122 2851 ut
2167 2783 2443 2868 videtur,
2490 2786 2634 2867 ipso

324 2896 770 2978 Hipponacte,
828 2890 894 2956 in
940 2890 1118 2957 cuius
1164 2889 1281 2971 frg.
1316 2892 1397 2952 20
1445 2894 1623 2954 extat
1678 2888 1886 2954 forma
1935 2883 2277 2967 Κυλλήνιε.
2307 2888 2347 2964 ¹)
2439 2887 2635 2969 Berg-

326 2998 475 3064 kius
511 2995 955 3071 „librariorum
984 2992 1323 3058 manifesto
1355 2993 1609 3057 errore⁶⁴
1642 2990 2064 3057 Heliodorum
2098 2990 2261 3056 illud
2291 2991 2637 3075 protulisse

324 3100 452 3183 ait;
483 3105 553 3165 at
582 3099 725 3181 quis
758 3095 978 3163 credat
1005 3094 1429 3160 Heliodorum
1461 3113 1542 3159 ex
1574 3091 1700 3160 hoc
1730 3113 1855 3160 uno
1888 3093 2188 3175 exemplo
2220 3097 2636 3174 praeceptum

324 3199 669 3268 hausisse?
737 3198 936 3282 Atqui
979 3216 1060 3263 ne
1091 3216 1208 3264 nos
1255 3195 1536 3279 quidem,
1585 3197 1696 3278 qui
1741 3195 1990 3279 integro
2030 3193 2435 3277 Hipponacte
2480 3212 2633 3258 non·

326 3304 479 3372 dum
527 3303 797 3384 utimur,
855 3300 1113 3383 latebit,
1174 3318 1316 3365 cum
1364 3297 1715 3365 habeamus
1760 3297 1892 3362 alia
1935 3295 2291 3361 iamborum
2336 3312 2639 3377 purorum

326 3404 711 3474 choliambis
769 3401 1201 3470 admixtorum
1253 3408 1316 3468 et
1361 3394 1729 3468 testimonia
1773 3404 1838 3465 et
1884 3396 2202 3481 exempla.
2293 3394 2460 3460 Nam
2506 3395 2636 3459 iam

325 3508 560 3576 comici
590 3512 842 3574 veteres
874 3511 937 3571 et
966 3503 1293 3570 Rhinthon
1339 3498 1908 3587 phlyacographus
1952 3497 2254 3564 trimetris
2286 3497 2417 3565 suis
2461 3497 2638 3580 puris

326 3610 726 3679 choliambos
757 3608 1265 3690 admiscuerunt3
1314 3605 1579 3688 Eupolis
1612 3604 1781 3671 enim
1818 3604 1884 3668 in
1916 3601 2139 3686 Baptis
2183 3600 2321 3666 iure
2368 3597 2638 3666 iurando

327 3733 480 3781 usus
530 3718 626 3780 est
656 3712 884 3778 e‘odem
928 3710 1040 3776 illo
1085 3729 1213 3792 quo
1244 3709 1530 3774 Ananius
1562 3705 1894 3783 (Priscian.
1930 3724 1988 3787 p.
2024 3706 2145 3767 427
2179 3702 2397 3782 Keil),
2440 3700 2638 3767 Rhin-

504 3918 554 3979 1)
589 3913 693 3982 Qui
728 3912 881 3967 locus
919 3923 1028 3965 non
1062 3916 1150 3966 sat
1174 3908 1476 3980 expeditus.
1548 3907 1809 3962 Fortasse
1826 3900 2002 3976 Ἑρμῆ
2034 3904 2301 3974 glossema
2321 3901 2431 3957 iam
2453 3899 2638 3955 Helio-

328 4001 447 4057 dori
481 4005 664 4055 aetate
699 3998 756 4052 in
781 3996 1066 4052 verborum
1090 3999 1407 4050 contextum
1443 3993 1699 4061 illapsum
1734 3993 1844 4060 est3
1882 3990 2065 4046 nescio
2090 4004 2162 4043 an
2186 3985 2455 4056 significet
2474 3994 2637 4054 poeta

324 4087 509 4143 locum
543 4084 694 4157 illum
725 4083 905 4152 ipsum
927 4081 1026 4150 frg.
1057 4084 1137 4146 16,
1175 4095 1298 4135 cum
1336 4078 1490 4133 dicit:
1527 4075 1646 4149 ἐρῶ
1679 4073 1793 4148 γὰρ
1820 4065 2002 4133 οὕτω·
2046 4075 2322 4191 Mamaea}
2343 4067 2632 4140 Κυλλήνιε.

1755 4188 1761 4194 -
2224 4159 2288 4209 22
