3177 4960
608 345 734 404 208
1565 344 1726 413 nugo
1760 342 1951 399 Jusatz

609 524 1068 586 commemorat
1110 519 1296 584 Plato
1342 516 1449 595 (de
1493 516 1743 600 republ.
1790 516 1913 583 VII
1942 536 2006 600 p.
2042 519 2159 582 531
2187 516 2275 582 A:
2323 513 2388 580 οἱ
2431 512 2554 597 μέν
2602 536 2780 600 φασι
2824 513 2919 580 ἔτι

609 617 998 686 κατακούειν
1030 618 1099 685 ἐν
1123 620 1221 703 τῷ
1248 621 1435 703 μέσῳ
1461 620 1623 693 (scil.
1656 617 2013 703 hemitonii,
2045 618 2370 685 intervalli
2400 618 2649 683 minimi
2682 638 2921 699 eorum,

612 743 778 807 quae
822 742 938 806 per
969 722 1526 789 consonantiarum
1570 722 2018 805 proportiones
2064 719 2476 786 inveniuntur
2504 739 2545 785 a
2576 721 2920 803 canonicis,

612 845 774 909 quos
830 825 1117 908 sequitur
1158 824 1368 900 Plato)
1426 820 1580 889 τινὰ
1641 817 1799 910 ἤχην
1855 825 1968 889 καὶ
2014 819 2456 904 σμικρότατον
2504 816 2681 885 εἶναι
2723 823 2921 886 τοῦτο

611 923 968 1012 διάστημα,
1017 918 1073 1011 ᾦ
1116 949 1377 1013 μετρη
1404 928 1653 1004 τέον),
1699 927 1828 992 iam
1874 926 2161 1009 sequitur
2180 925 2566 991 Aristoteles
2612 922 2920 1008 (Metaph.

611 1030 669 1094 N
706 1033 762 1094 1.
793 1049 856 1113 p.
894 1030 1114 1094 1087b
1140 1031 1220 1092 36
1255 1034 1318 1095 et
1360 1029 1568 1105 alias).

778 1132 1008 1215 Neque
1065 1151 1220 1198 vero
1277 1132 1536 1198 omnino
1598 1121 2029 1212 ἆμελῳόήτου
2086 1131 2262 1196 notio
2317 1129 2664 1214 permittit,
2736 1133 2807 1193 ut
2864 1129 2923 1194 ei

607 1235 998 1301 subiciamus
1043 1233 1251 1301 diesin
1295 1231 1642 1300 chromatis
1686 1231 1995 1299 hemiolii.
2080 1224 2544 1317 Ἀμελιρδητον
2589 1231 2783 1308 enim,
2830 1231 2924 1294 in-

609 1338 749 1420 quit
777 1337 887 1402 Ar.
918 1358 980 1422 p.
1016 1340 1119 1420 36,
1152 1340 1210 1418 2,
1258 1328 1553 1421 λὲγομεν,
1602 1332 1639 1400 ὀ
1669 1331 1761 1422 μὴ
1792 1331 2107 1399 τάττεται
2148 1324 2301 1397 καθ’
2356 1326 2517 1397 αὖτὸ
2568 1329 2636 1396 ἐν
2685 1329 2925 1415 συστή-

607 1462 789 1520 ματι.
882 1439 1096 1506 Diesis
1139 1458 1295 1505 vero
1337 1440 1405 1504 in
1437 1459 1553 1505 suo
1597 1456 1893 1521 quaeque
1923 1442 2272 1521 systemate
2316 1455 2433 1520 per
2462 1454 2533 1502 se
2576 1436 2922 1502 invenitur.

607 1544 821 1624 Atque
885 1561 1304 1624 quaecunque
1361 1541 1705 1608 intervalla
1759 1540 2134 1606 nominatim
2184 1529 2641 1623 ἆμελῳδήτοις
2684 1536 2928 1604 adscri-

610 1643 707 1708 bit
747 1644 1049 1728 musicus,
1098 1645 1315 1710 omnia
1360 1650 1506 1710 sunt
1553 1642 1718 1709 diesi
1764 1640 2199 1724 enharmonia,
2245 1641 2588 1708 intervallo
2634 1640 2927 1722 minimo,

604 1746 784 1829 quod
827 1766 946 1832 per
974 1767 1044 1815 se
1089 1748 1346 1832 ponitur
1389 1748 1456 1812 in
1501 1750 1850 1831 systemate
1893 1746 1982 1829 (p.
2014 1748 2118 1828 66,
2149 1746 2274 1828 28),
2321 1745 2599 1825 minora3
2646 1764 2797 1809 nam
2846 1763 2929 1809 ea

606 1867 728 1915 nec
787 1869 948 1916 voce
1005 1850 1251 1916 cantari
1310 1869 1520 1933 neque
1576 1849 1840 1914 auribus
1897 1848 2145 1932 percipi
2198 1866 2389 1932 posse
2446 1847 2539 1912 ait
2580 1849 2671 1931 (p.
2696 1849 2800 1929 20,
2837 1846 2924 1921 4).

608 1949 861 2016 Octava
904 1951 1100 2034 igitur
1144 1952 1279 2018 toni
1321 1971 1472 2035 pars
1519 1953 1640 2017 erit
1684 1942 2130 2036 ἇμελῴδητον,
2177 1969 2343 2033 quae
2389 1950 2444 2016 si
2489 1955 2587 2015 ter
2631 1949 2926 2031 sumitur,

605 2052 1013 2117 intervallum
1079 2051 1191 2119 fiet
1247 2053 1411 2120 diesi
1472 2054 1855 2119 brevissima
1911 2053 2148 2136 maius,
2215 2051 2390 2135 quod
2447 2051 2790 2134 quominus
2857 2051 2927 2116 in

606 2172 873 2221 numero
918 2173 1063 2221 cum
1110 2156 1243 2219 τῶν
1299 2152 1856 2239 μελῳὸουμὲνων,
1916 2161 2049 2221 tum
2091 2156 2223 2218 τῶν
2283 2152 2501 2240 ῥητῶν
2546 2151 2926 2237 habeamuS,

606 2253 770 2321 nihil
812 2256 1103 2340 impedit.
1194 2256 1362 2335 Quin
1391 2254 1467 2322 τὸ
1500 2254 1670 2321 κατὰ
1700 2254 1856 2334 τοὺς
1898 2258 2032 2321 τῶν
2078 2248 2390 2340 ἀριθμῶν
2434 2252 2641 2337 μόνον
2689 2251 2930 2338 λόγους

609 2353 828 2443 ῥητὸν,
875 2344 1050 2443 quod
1094 2360 1228 2426 illic
1274 2360 1508 2427 dicitur
1538 2351 1986 2446 ἇμελῴδητον,
2032 2379 2159 2425 non
2190 2359 2449 2425 omnino
2494 2363 2790 2441 spectare
2836 2356 2930 2423 ad

607 2462 952 2529 intervalla
996 2463 1425 2546 irrationalia,
1486 2461 1603 2530 sed
1647 2462 1778 2529 alia
1821 2462 2198 2545 minuscula,
2242 2461 2446 2528 invito
2491 2458 2928 2546 Westphalio,

611 2565 854 2649 quippe
898 2566 1008 2649 qui
1051 2566 1136 2632 ad
1182 2565 1627 2632 additamenta
1670 2566 2017 2648 confugiat,
2062 2571 2288 2649 postea
2330 2564 2769 2649 probabimus.

780 2668 876 2734 Ac
932 2668 1213 2751 denique
1273 2668 1625 2735 chromatis
1683 2666 1970 2734 hemiolii
2025 2668 2356 2752 perceptio
2413 2688 2542 2733 non
2587 2665 2932 2733 difficilior

607 2770 808 2836 fuisse
839 2770 1228 2836 Aristoxeno
1274 2789 1466 2852 quam
1495 2770 1751 2852 generis
1797 2768 2195 2835 enharmonii
2227 2768 2500 2836 videtur.
2590 2767 2718 2847 Qui
2750 2770 2931 2835 enim

615 2876 908 2954 quartam
953 2872 1087 2936 toni
1131 2878 1378 2955 partem
1424 2873 1762 2956 percipere
1808 2873 2002 2954 valet,
2047 2873 2102 2939 si
2148 2870 2500 2939 hemitonio
2548 2891 2690 2937 eam
2737 2870 2935 2937 addit

618 2970 726 3036 vel
772 2970 854 3037 de
898 2977 1048 3037 tono
1092 2970 1406 3056 detrahit,
1450 2974 1740 3040 inveniet
1782 2969 2031 3037 πυκνὸν
2076 2972 2424 3040 chromatis
2470 2972 2793 3055 hemiolii,
2842 2992 2936 3038 ex

610 3092 738 3156 quo
783 3080 914 3139 tum
961 3073 1190 3140 eodem
1235 3074 1460 3156 modo,
1519 3095 1647 3158 quo
1692 3095 1778 3141 ex
1820 3074 2172 3143 hemitonio
2226 3075 2424 3143 diesis
2480 3075 2930 3159 enharmonia,

611 3174 924 3241 efficietur
969 3175 1168 3242 diesis
1214 3175 1540 3242 hemiolia.
1628 3177 2080 3245 Aristoxenum
2111 3186 2325 3244 autem
2364 3198 2494 3244 non
2525 3177 2935 3261 duplicanda

608 3277 775 3345 diesi
821 3278 1222 3361 quaesivisse
1267 3275 1549 3358 πυκνὸν,
1598 3278 1715 3346 sed
1760 3287 1982 3346 contra
2025 3300 2062 3345 e
2106 3300 2317 3364 pycno
2363 3279 2706 3346 dimidiato
2753 3279 2934 3346 deri-

604 3398 794 3445 vasse
839 3379 1049 3446 diesin
1094 3385 1160 3445 et
1187 3399 1306 3462 par
1351 3387 1492 3446 erat
1535 3388 1601 3445 et
1629 3381 1934 3463 probatur
1979 3382 2141 3448 locis
2173 3382 2303 3448 his:
2352 3382 2432 3447 el.
2468 3381 2671 3448 harm.
2720 3402 2784 3466 p.
2818 3384 2933 3466 34,

602 3595 764 3665 χείας
796 3594 906 3649 sive
941 3598 1046 3651 τοῦ
1082 3592 1206 3666 ἑξῆς
1239 3597 1555 3651 Aristoxeni
1569 3638 1583 3663 ,
1632 3611 1789 3665 quem
1823 3598 2207 3653 modulationis
2241 3599 2386 3654 illius
2426 3600 2766 3656 inventorem
2801 3615 2935 3655 esse

602 3678 855 3734 laudibus
890 3679 1074 3733 ferunt
1105 3681 1386 3736 immeritis
1411 3681 1795 3750 Marquardius
1829 3699 1884 3751 p.
1912 3687 2011 3738 259
2048 3690 2104 3737 et
2123 3683 2378 3751 Ambros,
2416 3685 2617 3740 Gesch.
2655 3686 2708 3741 d.
2734 3684 2936 3739 Musik

602 3768 631 3821 I
665 3782 718 3834 p.
748 3769 865 3821 214.
899 3793 970 3806 -
1004 3764 1094 3819 Ad
1125 3764 1563 3822 harmonicorum
1598 3768 1900 3822 doctrinam
1941 3768 2229 3823 referenda
2263 3785 2384 3826 esse
2416 3770 2549 3824 mihi
2581 3772 2836 3827 videntur
2875 3777 2939 3825 et

604 3851 1009 3907 intervallorum
1044 3850 1346 3917 discrimen,
1383 3868 1490 3921 quo
1527 3858 1656 3907 sunt
1688 3859 1785 3907 aut
1818 3849 1991 3924 ἄρτια
2027 3859 2125 3907 aut
2158 3852 2396 3929 περιττὰ
2445 3856 2695 3922 (Aristid.
2733 3876 2790 3928 p.
2820 3863 2937 3925 14),

605 3941 660 3992 et
692 3938 990 4005 praecepta
1024 3935 1091 3989 de
1126 3935 1310 4005 colysi,
1345 3937 1726 4005 spondeasmo‚
1769 3937 1957 3993 ecbole
1991 3939 2214 4004 (Bacch.
2249 3956 2304 4009 p.
2335 3946 2427 4010 113
2474 3942 2702 3997 Aristid.
2741 3962 2799 4014 p.
2827 3948 2935 4001 282

602 4023 701 4078 καὶ
733 4015 848 4093 γὰρ
882 4014 1106 4077 τούτων
1141 4023 1260 4076 τῶν
1293 4023 1694 4094 διαστημάτων
1727 4022 1782 4088 (1)
1811 4025 1979 4094 χρεία
2022 4019 2172 4098 πρὸς
2206 4020 2310 4091 τὰς
2344 4021 2630 4099 διαφορὰς
2666 4033 2791 4086 τῶν
2824 4024 2937 4105 ἂρ·

601 4108 823 4175 μονιῶν
856 4105 1214 4176 παρείληπτο
1250 4113 1402 4171 τοῖς
1437 4111 1807 4171 παλαιοῖς;
1843 4106 1986 4162 Plut.
2024 4107 2094 4161 de
2124 4123 2261 4164 mus.
2300 4125 2347 4164 c.
2380 4114 2478 4174 11).
