3177 4960
861 343 943 398 De
977 343 1392 399 irrationalitate
1428 342 1610 398 studia
1643 341 1964 412 rhythmica.
2444 342 2567 403 327

431 516 721 604 Choeph.
814 519 969 582 657.
1018 509 1183 594 εἶεν,
1231 507 1481 580 ἆκούω·
1524 513 1893 598 Ιποὸαπὸς
1937 509 1972 580 ὃ
2036 513 2255 598 ξένος,·
2312 513 2571 595 πόθεν,·

778 623 972 685 1049.
1020 621 1461 703 φαιοχίτωνες
1512 617 1521 700 Ι
1572 619 1685 684 καὶ
1751 618 2432 736 πεπλεκτανημέναι

430 722 632 809 Sopb.
664 725 784 806 frg.
818 726 972 788 795.
1033 712 1509 807 Ἀλφεσιβοιαν
1576 713 2015 807 (Ἀλφεσσίβκ
2047 721 2305 800 Nauck)
2344 721 2353 802 Ι
2392 703 2471 806 ἦν
2535 713 2569 784 ὁ

1059 820 1376 910 γεννήσας
1419 821 1667 911 πατήρ.

430 930 580 995 Eur.
625 927 851 1011 Suppl.
900 928 1054 992 889:
1102 929 1638 1010 Παρθενοπαῖος
1675 924 1685 1007 Ι
1727 920 1904 1000 εἶδος
1948 922 2373 1007 εξοχώτατος.

434 1030 531 1097 cf.
576 1030 735 1097 Hoc.
783 1032 937 1092 715:
985 1019 1130 1093 οὐδ’
1196 1020 1369 1108 ὅσι’,
1419 1020 1562 1093 οὐδ’
1618 1020 1888 1093 ἀνεκτά·
1947 1028 2082 1093 ποῦ
2139 1026 2291 1093 δίκα
2339 1024 2576 1105 ξένων,·

985 1131 1272 1208 (trimetn
1319 1132 1637 1215 lyricum).

432 1234 624 1301 Adde
667 1232 997 1318 Aristoph.
1045 1234 1239 1318 Vesp.
1286 1235 1430 1298 902.
1521 1232 1649 1312 Qui
1707 1234 1834 1301 loci
1880 1231 2092 1300 thesin
2137 1232 2574 1299 irrationalem

255 1339 519 1424 syllaba
584 1337 770 1403 brevi
829 1337 1105 1421 exprimi
1169 1356 1363 1420 posse
1432 1342 1762 1403 testantur.
1864 1335 2116 1421 Nempe
2171 1334 2576 1401 irrationales

257 1447 408 1510 sunt
468 1459 767 1507 versuum
829 1439 1124 1523 syllabae
1181 1439 1425 1505 alterae
1471 1447 1536 1505 et
1580 1458 2020 1506 monosemum
2065 1439 2343 1522 spatium
2389 1455 2575 1503 exce-

258 1544 455 1626 dunt,
516 1539 1053 1626 quemadmodum
1117 1542 1409 1624 syllabae
1469 1542 1700 1608 breves
1747 1541 2120 1607 consonanti
2165 1541 2274 1606 vel
2330 1538 2579 1622 liquida

258 1646 369 1714 vel
401 1645 708 1712 sibilante
743 1645 853 1710 vel
900 1644 1181 1728 denique
1224 1651 1398 1710 muta
1444 1644 1825 1709 terminatae
1870 1642 1934 1706 in
1979 1641 2147 1708 thesi
2191 1639 2579 1707 adhibentur

258 1748 343 1815 ab
410 1747 712 1813 Homero,
803 1744 994 1824 Quod
1048 1752 1263 1812 autem
1320 1746 1385 1810 in
1446 1743 1615 1811 thesi
1673 1739 2029 1811 irrationali
2088 1750 2219 1810 tam
2277 1762 2422 1808 raro
2484 1742 2575 1806 in-

260 1850 519 1917 venitur
575 1850 822 1932 brevis,
879 1847 949 1913 id
1007 1849 1217 1915 inesse
1275 1854 1431 1932 puta
1473 1854 1584 1913 aut
1643 1849 1709 1912 in
1769 1849 1913 1932 ipsa
1968 1845 2168 1912 thesis
2212 1852 2442 1911 natura
2484 1843 2577 1910 di-

258 1971 457 2019 versa
500 1951 584 2018 ab
630 1950 847 2017 indole
893 1951 1087 2033 arsis,
1133 1956 1245 2016 aut
1288 1951 1354 2016 in
1399 1969 1510 2032 ee,
1559 1948 1733 2034 quod
1779 1940 2076 2033 ἀριθμὸς
2118 1950 2441 2034 τρίσημος
2486 1946 2580 2014 di-

262 2054 510 2120 viditur
545 2054 711 2119 inter
741 2050 954 2120 thesin
988 2058 1052 2118 et
1081 2053 1253 2119 arsin
1281 2051 1575 2135 partibus
1607 2073 1734 2118 non
1765 2052 2012 2134 aequis,
2042 2051 2160 2118 sed
2190 2051 2291 2116 illi>
2320 2051 2584 2117 obvenit

262 2157 545 2241 spatium
588 2156 814 2222 maius.
830 2158 873 2230 ¹)

437 2256 767 2342 Aeschylo
800 2263 1035 2334 autem,
1068 2262 1137 2323 ut
1168 2258 1223 2324 is
1254 2256 1466 2324 thesin
1498 2258 1764 2324 brevem
1795 2255 2095 2322 adhibuit
2125 2257 2190 2320 in
2221 2254 2583 2321 nominibus

266 2364 466 2431 etiam
513 2380 642 2426 non
686 2361 1000 2444 propriis,
1049 2360 1141 2425 ita
1185 2361 1422 2426 usitata
1463 2360 1662 2426 fuisse
1709 2359 1963 2425 videtur
2007 2359 2121 2423 illa
2162 2358 2352 2440 primi
2396 2356 2584 2441 pedis

265 2467 474 2534 forma
518 2462 938 2546 irrationalis,
986 2482 1114 2546 qua
1157 2461 1259 2542 fit,
1308 2467 1376 2528 ut
1419 2461 1691 2528 trimetri
1737 2460 1999 2528 iambici
2041 2465 2334 2544 tempora
2376 2477 2586 2541 aequa

266 2569 396 2636 sint
463 2566 815 2633 tetrametri
884 2564 1197 2631 trochaici
1264 2564 1661 2647 temporibus
1732 2564 1970 2630 cretico
2040 2563 2249 2646 primo
2316 2568 2584 2627 resecto.

267 2671 331 2737 Is
362 2669 537 2735 enim
583 2673 780 2750 poeta
826 2686 1091 2750 operam
1136 2666 1337 2749 dedit,
1383 2672 1453 2732 ut
1495 2672 1643 2748 post
1687 2666 1861 2732 arsin
1906 2666 2177 2748 primam
2225 2683 2349 2729 non
2396 2664 2585 2729 inter-

269 2775 548 2840 iceretur
593 2769 1035 2854 respirationis
1081 2789 1277 2834 mora.
1369 2766 1515 2846 Qua
1572 2768 1654 2835 de
1713 2787 1908 2834 causa
1953 2768 2220 2833 verbum
2265 2766 2586 2848 monosyl-

269 2876 491 2942 labum
521 2907 603 2917 —
636 2872 761 2938 nisi
800 2877 899 2937 est
943 2872 1248 2938 articulus
1295 2873 1402 2937 vel
1445 2871 1842 2956 praepositio
1888 2871 1995 2936 vel
2039 2868 2220 2935 aliud
2266 2868 2589 2951 monosyl-

268 2977 521 3057 labum,
581 2972 754 3057 quod
814 2975 1168 3041 conectitur
1231 2994 1373 3040 cum
1419 2978 1729 3056 sequente
1775 2974 2007 3056 verbo,
2068 2973 2247 3038 velut
2288 2994 2396 3036 και
2446 2958 2485 3054 ἢ
2531 2967 2590 3035 εἰ

272 3080 421 3153 πῶς
467 3068 544 3141 οὗ
578 3071 631 3138 ὦ
663 3109 746 3120 -
781 3075 928 3142 dico
975 3075 1495 3159 monosyllabum
1540 3077 1634 3141 ita
1678 3076 1932 3141 demum
1980 3077 2044 3139 in
2091 3075 2362 3140 trimetri
2407 3073 2589 3137 initio

273 3182 524 3266 posuit,
592 3180 647 3243 si
715 3184 826 3244 aut
881 3198 966 3244 ex
1034 3179 1357 3261 disyllabo
1417 3185 1623 3245 ortum
1677 3186 1774 3244 est
1839 3197 1956 3262 per
2014 3176 2259 3241 vocalis
2319 3176 2591 3240 extremi

276 3285 613 3352 elisionem
647 3287 758 3348 aut
788 3281 841 3347 si
873 3283 1144 3347 alterum
1175 3281 1692 3364 monosyllabum
1725 3278 2048 3360 subditur;
2094 3276 2344 3342 duobus
2375 3282 2592 3342 autem

275 3388 456 3468 locis,
503 3385 615 3451 ubi
645 3383 854 3467 prima
890 3384 1159 3449 trimetri
1192 3384 1446 3467 syllaba
1475 3403 1516 3448 a
1547 3383 1780 3465 reliqui
1825 3399 2048 3448 versus
2094 3379 2414 3445 sententia
2459 3377 2592 3447 dis-

453 3556 502 3618 1)
539 3549 737 3605 Nescio
785 3564 855 3604 an
904 3551 1074 3604 lateat
1116 3548 1506 3604 irrationalitas
1561 3548 1828 3617 quaedam
1872 3548 1929 3601 in
1978 3546 2230 3602 brevibus
2273 3516 2591 3614 quibusdam

281 3638 337 3691 in
372 3635 517 3691 thesi
552 3634 766 3704 positis.
837 3634 944 3689 Sed
981 3649 1309 3704 quamquam
1334 3631 1400 3687 de
1434 3633 1650 3688 tantilla
1674 3637 1977 3702 temporum
2000 3629 2304 3686 mutatione
2327 3631 2416 3687 vix
2440 3631 2594 3701 quid·

285 3736 446 3791 quam
482 3719 830 3789 cognoscitur
853 3734 884 3774 e
908 3720 1133 3789 syllabis
1156 3720 1308 3788 ipsis,
1345 3724 1526 3773 tamen
1550 3718 1734 3787 aliquo
1761 3718 1880 3773 iure
1914 3731 2034 3772 eam
2059 3715 2319 3771 exaudire
2354 3716 2485 3771 mihi
2517 3719 2594 3771 vi-

284 3806 453 3863 deor
435 3821 495 3860 in
533 3804 879 3873 choriambis,
918 3805 1234 3875 praesertim
1273 3819 1395 3859 cum
1432 3803 1680 3858 diiambis
1715 3802 2045 3872 respondent
2079 3801 2163 3856 vel
2196 3800 2590 3858 admiscentur.

1168 3890 1215 3934 ,Σ
1293 3890 1328 3925 X
1539 3889 1584 3931 ‚X
1746 3888 1787 3924 Χ
2080 3886 2118 3922 X
2226 3885 2264 3921 X

285 3960 420 4014 Phil.
454 3962 611 4013 1138:
649 3952 815 4030 μυρί’
852 3951 963 4015 απ’
1001 3957 1258 4030 αἰσχρῶν
1281 3928 1703 4022 ανατὲλ).’,ονθ
1743 3949 1838 4014 o'o'
1874 3949 1972 4028 ἐφ’
2001 3950 2144 4084 {aiv
2177 3932 2315 4011 κακ’
2352 3947 2596 4026 ἐμήσατ’
2636 3982 2641 3987 ·

1547 4043 1591 4086 x
1660 4042 1697 4078 x
2099 4040 2136 4076 x

1649 4081 1705 4127 V!

288 4109 485 4180 οὐδείς.
522 4125 595 4164 Ν
630 4114 781 4166 1161:
816 4109 1015 4184 μηκέτι
1050 4107 1293 4182 μηδένας
1326 4112 1632 4183 κρατύνων
1669 4102 1779 4168 ὅσα
1817 4106 2030 4179 πέμπει
2062 4087 2352 4180 βιόδωρος
2388 4101 2502 4163 αἶα.
