3177 4960
841 328 926 382 De
957 328 1380 384 irrationalitate
1414 327 1596 384 studia
1627 330 1951 399 rhythmica.
2420 333 2541 394 287

616 522 690 561 ω
715 522 776 568 v.
854 506 923 566 7:
969 493 1581 585 κάθελοπόρνοισιν
1622 496 1910 587 ὁμιλέων
1943 501 1968 587 ΙΙ
2000 497 2033 568 ὅ
2069 502 2364 591 πονηρὸς
2384 498 2545 592 Ἀρ-

1046 606 1286 686 τέμων,

604 712 667 775 et
712 727 772 773 v.
811 709 920 773 13:
967 705 1134 783 πάϊς
1178 705 1426 794 Κύκης,
1479 709 1592 773 καὶ
1637 705 2022 794 σκιαδίσκην
2056 706 2080 792 ΙΙ
2114 705 2546 799 ἐλεφαντίνην

1048 820 1264 895 φορεῖ.

222 928 422 1012 Apud
470 929 752 996 comicos
796 933 1012 995 autem
1059 930 1170 995 lex
1200 949 1242 995 a
1272 930 1532 1013 tragicis
1577 936 1643 997 et
1681 931 1902 1014 lyricis
1948 939 2207 1000 servata
2251 936 2405 1000 item
2437 955 2546 1004 va·

220 1032 352 1098 lere
387 1030 692 1098 videatur
734 1032 824 1110 (in
853 1030 1307 1099 choriambicis
1337 1034 1586 1100 metris:
1633 1032 1795 1100 Ach.
1833 1038 2015 1099 1151.
2048 1036 2166 1120 Eq.
2201 1040 2343 1102 552.
2376 1038 2544 1105 Nub.

222 1138 337 1199 571
359 1137 605 1199 oe603.
640 1138 763 1199 700
788 1154 865 1194 cv
890 1135 1034 1199 804.
1069 1136 1214 1200 813.
1254 1137 1436 1200 1028.
1485 1136 1678 1220 Vesp.
1715 1140 1840 1200 540
1866 1156 1943 1197 ω
1968 1140 2112 1203 644.
2149 1142 2272 1203 542
2296 1159 2374 1200 ω
2398 1142 2542 1207 646.

225 1242 390 1302 1450
418 1259 499 1299 ω
527 1239 710 1302 1462.
742 1236 1002 1303 Thesm.
1041 1239 1185 1303 356.
1219 1238 1378 1304 Ran.
1414 1241 1572 1322 2133
1607 1240 1674 1304 in
1705 1240 1962 1306 ionicis:
1996 1241 2188 1325 Vesp.
2222 1244 2366 1308 296.
2397 1245 2542 1308 298.

221 1340 486 1408 Thesm.
525 1343 646 1405 116
670 1359 764 1424 sq.
805 1342 942 1405 123.
973 1340 1133 1406 Ran.
1177 1342 1332 1405 328:
1364 1337 1949 1421 πολύκαρπονᾝὲν
1975 1341 1985 1425 Ι
2009 1340 2364 1424 τινάσσων,
2399 1349 2542 1411 330.

224 1445 365 1511 336.
395 1443 554 1527 346;
586 1444 652 1508 in
683 1442 1146 1526 antispasticis:
1173 1444 1332 1509 Ran.
1360 1445 1528 1520 324).
1590 1444 1676 1510 At
1699 1444 1893 1511 etiam
1918 1446 2166 1513 solutae
2195 1454 2343 1531 post
2370 1450 2545 1515 arsin

222 1548 485 1630 longam
516 1545 718 1612 thesis
749 1545 1052 1628 exempla
1093 1545 1352 1612 invenio
1398 1546 1620 1629 (Vesp.
1659 1550 1841 1612 1454.
1885 1550 2064 1612 1467.
2095 1548 2362 1631 Lysistr.
2398 1554 2542 1615 339.

224 1652 371 1728 342)
422 1654 487 1716 et
515 1650 750 1731 longae
779 1647 942 1713 arsis
971 1647 1038 1712 in
1067 1645 1195 1712 fine
1223 1647 1435 1714 verbi:
1481 1647 1651 1713 Nub.
1684 1652 1839 1712 514:
1883 1646 2002 1734 τὴν
2048 1646 2254 1733 φύσιν
2298 1644 2505 1714 αὑτοῦ
2524 1648 2546 1735 fl

223 1749 615 1837 πράγμασιν
638 1746 1030 1834 χρωτίζεται
1055 1750 1208 1816 etin
1232 1749 1571 1832 Eupolidis
1604 1751 1890 1817 eratineo
1922 1751 2062 1817 illo:
2096 1742 2330 1835 ἄνδρες
2362 1749 2543 1817 ἔται-

223 1879 346 1940 ροι,
382 1852 409 1939 ΙΙ
443 1851 636 1936 δεῦρο
670 1849 770 1938 δή.
859 1850 1042 1930 Quae
1088 1872 1232 1919 cum
1278 1852 1370 1917 ita
1414 1870 1485 1919 se
1530 1851 1831 1935 habeant,
1878 1854 2179 1921 vitiosum
2228 1874 2370 1922 esse
2414 1876 2542 1922 non

222 1958 500 2042 videtur,
546 1954 723 2039 quod
754 1954 1071 2038 Bergkius
1104 1955 1297 2039 Vesp.
1333 1955 1465 2020 308·
1488 1956 1777 2041 scripsit.
1818 1951 2034 2051 πόρον
2060 1945 2307 2033 Ἕλλας
2342 1953 2420 2041 ΙΙ(
2398 1954 2541 2041 ιρὸν

224 2058 480 2143 εἰπεῖν,
523 2079 601 2120 cx>
626 2060 780 2123 296:
828 2047 1283 2141 ἀστραγάλους
1322 2055 1333 2139 Ι
1374 2054 1744 2141 δήπουθεν,
1793 2050 1844 2119 εὖ
1892 2069 2043 2123 παῖ.

1128 2394 1418 2464 CAPUT
1462 2395 1638 2461 XVI.

730 2547 850 2626 De
900 2552 1151 2625 metris
1203 2548 1535 2626 iambicis*
1579 2546 2029 2646 quibusdam.

393 2721 535 2788 Lex
579 2727 795 2788 autem
841 2721 1276 2801 Porsoniana‚
1336 2725 1406 2787 ut
1449 2738 1584 2785 rem
1629 2719 1913 2786 breviter
1962 2720 2285 2804 appellem
2307 2770 2325 2803 ,
2384 2720 2537 2787 item

223 2830 514 2892 servatur
558 2824 624 2907 in
669 2825 888 2891 metris
934 2824 1259 2905 iambicis,
1319 2841 1487 2906 quae
1532 2819 1959 2888 adnectuntur
2015 2823 2234 2890 metris
2278 2824 2537 2906 logaoe-

225 2928 403 3010 dicis,
451 2946 620 3011 quae
662 2946 831 2993 nunc
876 2924 1174 2993 dicuntur
1217 2916 1333 3009 per
1378 2925 1698 2990 iniuriam.
1788 2925 1956 2991 Nam

224 3037 329 3097 aut
371 3030 570 3112 longa
612 3029 776 3096 arsis
822 3049 967 3096 cum
1012 3026 1183 3095 thesi
1228 3027 1521 3110 sequenti
1565 3026 1990 3110 coniungitur,
2036 3028 2245 3093 velut:

476 3138 791 3206 Simonid.
822 3140 943 3223 frg.
976 3143 1036 3224 5,
1073 3142 1182 3204 16:
1232 3134 1299 3213 ἐς
1330 3129 1675 3221 ἄπρακτον
1711 3131 1975 3213 ἐλπίδα,
2020 3146 2263 3220 μοῖραν
2296 3134 2538 3212 αἰῶνος

298 3242 556 3328 stul-Q),-
597 3241 716 3324 frg.
749 3247 810 3327 4,
844 3246 911 3307 5:
943 3233 1085 3306 οὐδ’
1125 3234 1159 3305 ὅ
1194 3234 1655 3322 πανδαμάτωρ
1690 3229 2074 3322 ἀμαυρώσει
2103 3234 2336 3321 χρόνος
2349 3264 2372 3318 ,·
2413 3238 2533 3322 frg.

303 3349 407 3428 36,
427 3349 485 3411 3.
519 3344 800 3411 Timoth.
832 3347 1012 3427 11,2:
1036 3343 1187 3428 νικᾷ
1216 3339 1560 3424 Τιμόθεος
1598 3338 1610 3419 Ι
1648 3335 2019 3424 Μῖλήσιος.
2055 3337 2533 3423 Lycophronid.

307 3480 363 3558 1,
398 3476 469 3539 33
513 3467 718 3537 καλὸν
747 3468 823 3536 τὸ
859 3468 1257 3553 πρόσωπον,
1308 3457 1386 3534 ἀν
1424 3467 1436 3550 Ι
1471 3439 1891 3556 μῆ-ἷιόσμιον
1934 3463 2222 3552 πεφύκῃ.
2290 3466 2534 3557 ⁵Aleae.

304 3581 410 3662 49,
438 3582 504 3641 1:
528 3566 1022 3661 Ἀριστόδαμον
1054 3563 1253 3659 φαισ’
1294 3562 1409 3637 οὐκ
1440 3562 1842 3652 ἀπάλαμνον
1873 3566 1941 3634 ἐν
1966 3567 1976 3652 Ι
2006 3565 2289 3654 Σπάρτᾳ
2320 3565 2535 3653 λόγον,

303 3679 422 3762 frg.
458 3682 563 3762 50,
596 3683 672 3763 43
721 3681 923 3756 15,1:
971 3667 1033 3739 δ’
1076 3669 1247 3761 ”Amy
1279 3669 1684 3758 κεκόσμηται
1731 3673 1950 3757 στέγα,
1995 3692 2058 3738 v.
2091 3676 2161 3736 5:
2209 3663 2534 3750 ἀσπίδεςΙ

303 3780 725 3867 βεβλημέναι,
771 3800 833 3847 v.
865 3785 905 3844 4
941 3800 1140 3862 αρκος
1188 3774 1435 3860 ἱσχῦρῶ
1477 3776 1729 3859 βέλευς.
1805 3774 1967 3843 Oed.
2000 3773 2136 3842 Col.
2174 3777 2369 3839 1047:
2415 3769 2533 3837 τὸν

300 3879 674 3966 χαλκοβόαν
713 3874 886 3970 >Ἀρη
927 3880 937 3963 Ι
974 3878 1283 3964 μίξουσιν
1325 3865 1369 3966 ἢ
1413 3899 1588 3963 προς
1633 3879 1942 3954 Πυθίαις
1984 3898 2065 3938 ω
2104 3878 2300 3940 10613
2368 3870 2535 3939 Οἷά·

305 3981 550 4061 τιδος’
520 4007 592 4049 εκ
621 3980 827 4067 νόμου
852 3983 863 4068 Ι
888 3981 1224 4048 πώλοισιν
1253 4007 1293 4069 η
1328 3977 1868 4069 ῥιμφαρμάτοις,·
1897 3979 2159 4064 Hippol.
2195 3980 2349 4042 531:
2382 3999 2535 4040 ουτε

303 4084 426 4173 γὰρ
460 4084 674 4171 πυρὸς
705 4078 851 4157 οὔτ’
895 4087 905 4165 Ι
948 4079 1210 4170 άστρων
1254 4078 1621 4168 ὑπέρτερον
1655 4081 1852 4166 βέλος
1881 4103 1960 4142 ω
1992 4074 2534 4230 541.192>ιλτάτων
