3177 4960
576 298 700 359 340
1526 296 1688 364 nugo
1723 295 1917 351 Jusatz

749 468 1064 538 Omnibus
1119 474 1335 534 autem
1395 469 1616 535 metris
1677 468 1925 536 claudis
1981 466 2050 534 id
2113 487 2451 535 commune
2511 472 2639 552 est,
2706 473 2776 534 ut
2834 469 2904 535 in

579 574 790 642 thesin
816 592 981 655 eam,
1015 589 1181 654 quae
1204 571 1491 653 sequitur
1512 571 1687 637 arsin
1712 571 2122 655 singulariter
2149 570 2609 652 irrationalem,
2642 568 2904 637 desinat

581 677 795 743 sinon
826 692 1069 756 versus,
1115 677 1182 738 at
1211 679 1383 738 certe
1413 673 1702 756 verbum,
1748 673 2015 739 exclusa
2056 678 2272 739 autem
2316 672 2539 754 utique
2568 678 2669 738 est
2709 673 2903 738 metri

582 776 800 845 claudi
837 795 918 843 ea
961 794 1106 841 cum
1152 781 1463 857 sequente
1508 776 1865 841 communio
1912 776 2276 856 verborum,
2321 793 2515 857 quam
2559 773 2899 840 metricam

582 898 888 947 vocamus
933 875 1341 962 synaphiam.
1431 876 1598 943 Nam
1658 878 1960 961 quoniam
2019 878 2086 942 in
2138 875 2263 942 hac
2304 876 2605 943 absoluta
2647 877 2897 943 irratio-

583 981 852 1048 nalitate
881 998 1185 1046 numerus
1215 979 1683 1062 transgreditur
1711 987 1963 1063 tempus
1999 979 2379 1062 legitimum,
2423 978 2615 1045 metri
2658 984 2901 1063 parteS,

585 1102 752 1168 quae
796 1087 1148 1167 sequuntur
1202 1092 1456 1166 tempus
1500 1082 1840 1165 illegitime
1890 1080 2306 1164 productum,
2363 1086 2540 1147 tanto
2585 1081 2900 1165 temporis

584 1186 795 1271 spatio
857 1185 1265 1252 dimoventur
1319 1184 1466 1251 loco
1512 1203 1628 1251 suo
1671 1203 1750 1251 ac
1792 1184 1997 1251 serius
2041 1182 2377 1265 accidunt,
2436 1188 2677 1265 quanto
2737 1181 2900 1248 illud

583 1308 779 1354 unum
837 1293 1089 1369 tempus
1147 1286 1434 1369 legitimo
1492 1287 1820 1370 procerius
1873 1292 1989 1352 est.
2080 1283 2270 1364 Quod
2316 1304 2397 1351 ne
2455 1286 2522 1350 in
2578 1284 2899 1350 infinitum

585 1395 814 1475 pergat
869 1407 1035 1455 neve
1079 1394 1249 1455 totus
1299 1407 1602 1455 numerus
1659 1389 2064 1472 perturbetur
2122 1387 2611 1472 periculumque
2654 1388 2771 1470 sit,
2815 1406 2900 1453 ne

586 1493 652 1558 in
706 1492 986 1576 plurium
1033 1496 1344 1557 concentu
1388 1509 1585 1558 voces
1643 1490 2005 1574 dissonent,
2065 1510 2330 1558 numero
2381 1509 2575 1573 quam
2617 1489 2894 1573 primum

585 1593 729 1661 finis
761 1598 860 1660 est
902 1592 1258 1674 faciundus,
1304 1598 1437 1659 tum
1480 1598 1771 1676 tempore
1815 1593 2176 1659 intermisso
2222 1590 2695 1660 instaurandus.
2788 1592 2895 1657 At-

587 1715 712 1779 que
757 1694 1301 1779 quemadmodum
1345 1696 1411 1760 in
1456 1695 1981 1778 irrationalitate,
2040 1714 2208 1779 quae
2252 1696 2419 1761 inest
2463 1690 2531 1759 ἐν
2586 1693 2894 1777 ῥυθμοῖς,

586 1806 841 1884 tempus
887 1798 1161 1864 alterum
1205 1797 1410 1863 altero
1456 1802 1942 1882 compensatur,
1987 1797 2081 1863 ita
2123 1798 2191 1863 iu
2235 1796 2359 1864 hac
2402 1798 2699 1865 absoluta
2743 1798 2895 1862 irra-

588 1902 950 1967 tionalitate
982 1919 1144 1983 opus
1175 1906 1276 1966 est
1318 1905 1626 1983 tempore,
1672 1919 1799 1982 quo
1829 1898 2169 1984 rhythmus
2212 1901 2623 1983 perturbatus
2650 1897 2894 1966 reficia-

587 2009 709 2084 tur,
755 2001 901 2067 dico
931 2009 1186 2085 tempus
1216 1999 1518 2084 rhythmo
1549 2022 1678 2068 non
1709 2002 2086 2081 subiectum,
2133 2001 2308 2086 quod
2351 2001 2692 2070 intercedit
2737 2002 2899 2067 inter

586 2109 792 2169 metra
835 2122 913 2170 ac
955 2121 1196 2169 versus.

759 2202 891 2271 Sed
949 2205 1077 2269 iam
1136 2222 1305 2287 quae
1361 2204 1728 2288 posuimus,
1786 2211 2120 2289 poetarum
2179 2225 2298 2272 usu
2354 2204 2691 2291 probanda
2735 2212 2892 2273 sunt.

587 2308 683 2374 Ac
728 2306 811 2373 de
855 2306 1146 2373 trimetro
1193 2311 1691 2390 tetrametroque
1723 2305 2174 2393 choliambico,
2221 2307 2304 2375 de
2348 2309 2666 2392 glyconeo
2696 2308 2897 2375 ascle-

587 2408 824 2496 piadeo
882 2409 1156 2492 aliisque
1211 2409 1433 2475 metris
1490 2409 1699 2476 miuus
1759 2411 2042 2495 usitatis,
2103 2430 2269 2494 quae
2327 2411 2561 2478 clauda
2616 2431 2764 2479 esse
2821 2430 2899 2477 ex

588 2513 731 2596 ipsa
788 2511 943 2580 sedo
1001 2518 1291 2578 extrema
1348 2513 1826 2597 cognoscimus,
1896 2533 2022 2580 non
2084 2520 2183 2580 est
2259 2514 2433 2598 quod
2504 2534 2898 2582 moneamus.

589 2614 930 2682 Cotidiana
985 2619 1201 2680 autem
1247 2619 1345 2680 est
1394 2611 1694 2700 χωλότης
1751 2616 1815 2680 in
1861 2613 2198 2683 dochmiis.
2287 2616 2391 2683 Ad
2436 2636 2572 2684 rem
2617 2624 2899 2685 nostram

590 2722 772 2785 erunt
816 2716 1060 2782 formae
1092 2715 1536 2784 Seidlerianae
1577 2717 1684 2794 (de
1714 2718 2007 2785 versibus
2052 2718 2448 2787 dochmiacis
2479 2740 2588 2804 pp.
2624 2724 2902 2800 29—52)

589 2818 741 2884 inde
787 2838 828 2883 a
871 2837 1042 2883 nona
1084 2836 1288 2901 usque
1330 2816 1418 2884 ad
1462 2825 1714 2886 sextam
1759 2819 2097 2887 decimam.

761 2919 847 2984 At
877 2918 1321 2985 excludendae
1352 2919 1503 2987 inde
1533 2928 1681 2987 sunt
1710 2941 1847 3006 eae,
1894 2924 1960 2988 in
1991 2924 2476 3008 quibuscunque
2506 2932 2655 3010 post
2685 2927 2901 2994 sedem

589 3021 1050 3106 paenultimam
1081 3021 1339 3104 longam
1372 3023 1643 3089 solvitur
1673 3023 1893 3092 thesis.
1961 3025 2128 3091 Nam
2161 3027 2308 3111 ipsa
2335 3025 2540 3094 thesis
2571 3035 2902 3098 extremae

590 3124 855 3204 solut-io²
903 3123 1156 3191 etiamsi
1200 3142 1328 3189 non
1374 3124 1626 3191 accedit
1669 3126 1990 3211 synaphia
2033 3130 2318 3212 metrica,
2371 3134 2587 3196 tamen
2632 3138 2902 3199 metrum

590 3247 732 3295 cum
765 3232 1076 3310 sequente
1105 3232 1246 3293 arte
1277 3225 1624 3318 cohaerere
1653 3228 1915 3296 indicat.
1962 3231 2190 3313 Itaque
2215 3250 2317 3297 cx.
2342 3252 2436 3315 gr.
2461 3252 2690 3301 versus
2713 3234 2900 3302 Herc.

587 3329 706 3396 fur.
741 3330 862 3395 887
908 3329 1105 3413 vulgo
1152 3329 1564 3396 dirimuntur:

764 3426 843 3494 ἰώ
902 3431 1066 3509 Ζεῦ,
1126 3428 1200 3495 τὸ
1265 3427 1384 3496 σὸν
1424 3434 1433 3510 Ι
1470 3434 1658 3516 γένος
1716 3425 1953 3516 ἄγονον
2011 3426 2248 3499 αὐτίκα
2289 3433 2299 3517 Ι
2339 3433 2663 3514 λυσσάδες
2724 3431 2898 3521 ὠμο-

587 3531 859 3617 βριῦίτες
913 3530 1050 3596 κτλ.
1139 3533 1226 3599 At
1268 3533 1523 3600 videtur
1582 3536 1825 3619 primus
1881 3535 2189 3605 bacchius
2244 3536 2678 3607 abscidendus
2742 3560 2899 3624 esse,

591 3639 660 3700 ut
689 3632 858 3699 Med.
904 3636 1101 3699 1251:
1149 3631 1228 3698 ἰώ
1274 3637 1358 3719 γᾶ
1398 3633 1409 3721 Ι
1446 3659 1519 3701 τε
1561 3638 1672 3703 καὶ
1718 3635 2053 3725 παμφαὴς
2082 3655 2155 3693 m
2189 3643 2373 3724 1261,
2420 3639 2526 3708 Or.
2580 3646 2736 3708 145:
2794 3634 2898 3722 ἆᾶ,

591 3732 915 3820 σύΙριγγος
960 3732 1150 3812 ὅπως
1206 3736 1481 3802 monim
1508 3744 1664 3824 1573
1726 3740 1807 3806 ab
1870 3731 2106 3806 αὐτίκα
2163 3761 2319 3809 vero
2362 3743 2680 3827 incipiunt
2738 3744 2899 3812 duae

589 3836 908 3922 tripodiae
967 3837 1330 3923 dactylicae
1384 3842 1830 3909 catalecticae:
1892 3834 2128 3908 αὐτίκα
2181 3841 2505 3921 λυσσάδες
2549 3836 2894 3930 ιῦμο-βριῦ-

589 3959 696 4013 τες
764 3929 1220 4006 ἆποινόδικαι.
1323 3941 1453 4009 Suo
1520 3951 1737 4011 autem
1804 3946 1941 4012 iure
2007 3945 2318 4013 Matthiae
2385 3949 2645 4032 scripsit
2711 3950 2894 4017 Herc.

588 4039 707 4108 fur.
746 4044 908 4110 1183
955 4039 1142 4109 ἔκανε
1186 4064 1301 4128 pro
1350 4042 1578 4110 ἔκτανε
1623 4046 1920 4124 (Seidler.
1953 4068 2016 4133 p.
2053 4051 2156 4128 77)
2203 4051 2268 4115 in
2317 4048 2602 4119 dochmii
2648 4050 2793 4119 fine.
