3177 4960
601 324 727 385 328
1568 319 1728 390 Hugo
1762 320 1954 376 Jusatz

603 498 916 582 iungitur,
976 495 1279 564 cohaeret
1332 514 1475 562 cum
1542 512 1767 561 versus
1825 490 2264 560 antecedentis
2321 510 2546 574 sensu,
2608 509 2752 557 eam
2804 510 2906 558 ex-

602 600 838 684 pressit
880 599 1062 665 brevi
1107 598 1341 675 (Prom.
1388 598 1531 664 821.
1578 596 1805 681 Suppl.
1852 596 2034 677 483);
2092 613 2218 678 quo
2271 592 2555 677 accedit,
2614 592 2792 677 quod
2834 613 2908 660 ea

603 701 859 785 syllaba
916 702 985 767 in
1028 700 1232 766 altero
1296 699 1440 766 loco
1496 718 1613 783 per
1659 697 1991 765 elisionem
2009 746 2026 780 ,
2082 697 2148 762 in
2191 695 2393 762 altero
2455 714 2573 778 per
2627 696 2906 762 enuntia-

604 810 811 871 torum
842 822 1158 870 conexum
1190 807 1327 868 arte
1359 800 1662 868 cohaeret
1691 820 1835 868 cum
1867 804 2195 882 sequente.
2285 798 2633 882 Dactylum
2679 804 2906 880 autem,

606 906 660 972 si
692 905 1038 971 omittimus
1068 904 1330 969 nomina
1371 904 1653 989 propria,
1699 904 1764 968 in
1809 903 2017 986 primo
2063 899 2234 985 pede
2262 899 2627 985 Aeschylus
2659 906 2726 966 et
2767 906 2907 967 ante

607 1027 753 1074 eum
811 1004 1261 1091 iambographi
1287 999 1331 1085 ἰ)
1387 1011 1643 1092 praeter
1684 1005 2160 1090 Hipponactem
2206 1003 2310 1081 (cf.
2342 1004 2461 1086 frg.
2495 1006 2609 1088 35,
2658 1003 2800 1082 2(‘?).
2847 1004 2908 1083 3)

607 1129 751 1177 raro
797 1109 1194 1176 admiserunt
1236 1114 1431 1191 atque
1488 1107 1579 1174 ita
1624 1107 1886 1191 quidem
1931 1125 2219 1190 semper,
2276 1112 2348 1172 ut
2389 1107 2457 1171 in
2500 1106 2632 1172 arsi
2678 1107 2908 1172 inesset

608 1211 1123 1295 monosyllabum
1157 1210 1421 1289 (Archil.
1455 1212 1574 1294 frg.
1610 1213 1711 1289 21,
1760 1214 1818 1276 4.
1853 1209 2030 1294 Sept.
2070 1212 2215 1275 653.
2248 1210 2368 1292 Ag.
2406 1211 2588 1275 1312.
2624 1206 2904 1292 Choeph.

606 1317 751 1380 216.
782 1312 1016 1381 Aesch.
1047 1314 1166 1396 frg.
1200 1317 1344 1379 250.
1379 1315 1526 1397 383,
1576 1318 1658 1397 1),
1703 1334 1845 1380 cum
1882 1311 2189 1379 tribrachi
2220 1313 2410 1396 primi
2457 1311 2746 1395 syllabas
2789 1331 2906 1377 uno

609 1417 807 1484 verbo
853 1408 1398 1501 comprehendere
1443 1417 1742 1483 solerent.

778 1517 1134 1603 Sophocles
1190 1538 1345 1585 vero
1402 1525 1466 1585 et
1519 1517 1865 1604 Euripides
1917 1518 2000 1584 ab
2057 1523 2328 1600 utraque
2383 1535 2455 1582 re
2511 1517 2905 1599 abscessere3

607 1642 755 1688 nam
813 1623 880 1687 in
936 1620 1103 1706 pede
1158 1623 1365 1706 primo
1420 1623 1687 1689 verbum
1754 1621 2144 1705 dactylicum
2211 1626 2562 1704 posuerunt
2627 1618 2910 1697 (Mueller

608 1744 668 1809 p.
709 1723 811 1801 19)
859 1725 923 1790 in
982 1725 1218 1792 fabulis
1263 1725 1758 1808 recentioribus,
1816 1723 1926 1789 ille
1985 1721 2247 1806 quidem
2293 1724 2385 1788 ita
2428 1727 2709 1804 tantum,
2772 1727 2839 1788 ut
2876 1741 2913 1786 a
3014 1758 3023 1768 ·
3110 1749 3111 1760 ¹

609 1828 824 1910 priore
885 1827 1066 1893 brevi
1125 1827 1442 1910 inciperet
1485 1827 1667 1893 verbi
1713 1826 2051 1911 compositi
2110 1844 2261 1908 pars
2305 1822 2492 1902 (Oed.
2543 1823 2683 1890 Col.
2737 1827 2911 1890 1634.

611 1928 779 1993 Phil.
813 1931 956 1993 999.
997 1931 1178 1993 1003.
1213 1931 1422 2010 1392),
1468 1927 1575 1995 hic
1607 1936 1820 1995 autem
1868 1931 2023 1995 item
2069 1928 2134 1993 in
2165 1925 2620 1994 Andromacha
2653 1932 2740 2007 (ν.
2774 1930 2914 1992 464.

616 2033 825 2111 1157),
857 2030 1008 2096 inde
1033 2037 1247 2097 autem
1272 2031 1355 2096 ab
1381 2030 1678 2098 Herculis
1699 2031 1968 2097 furentis
1991 2030 2126 2097 fere
2150 2035 2364 2096 aetate
2387 2032 2467 2108 (a.
2494 2030 2752 2096 circiter
2777 2032 2916 2107 421)

613 2133 813 2199 verba
841 2133 1269 2217 incomposita
1314 2151 1568 2215 quoque
1601 2152 1642 2197 a
1672 2132 1931 2216 dactylo
1977 2132 2356 2217 incipientia
2398 2133 2465 2198 in
2509 2133 2786 2212 trimetri
2818 2153 2916 2200 ex-

613 2233 795 2301 ordio
818 2235 1051 2318 posuit.
1097 2234 1326 2300 Eidem
1357 2232 1531 2300 haud
1564 2254 1708 2301 raro
1742 2234 2255 2318 monosyllabum
2286 2235 2549 2318 longum
2579 2235 2668 2300 ad
2701 2255 2917 2302 versus

611 2336 843 2422 prioris
873 2356 1130 2405 sensum
1171 2338 1502 2422 pertinens
1548 2356 1822 2422 posuere
1867 2338 1934 2402 in
1963 2338 2336 2420 posterioris
2367 2338 2498 2404 arsi
2527 2339 2776 2421 prima':
2823 2338 2918 2404 Ai.

615 2443 757 2507 752.
788 2441 887 2507 El.
915 2445 1057 2507 340.
1092 2439 1224 2508 OR.
1261 2443 1403 2507 546.
1437 2442 1583 2506 986.
1624 2443 1804 2506 1448.
1836 2440 1983 2506 Ant.
2017 2441 2161 2506 464.
2196 2438 2361 2507 Phil.
2401 2442 2582 2508 1396.
2617 2440 2919 2510 Heracld.

614 2549 756 2610 407.
792 2549 935 2610 455.
982 2545 1141 2611 Η66.
1177 2546 1320 2610 963.
1365 2544 1558 2610 Herc.
1593 2544 1710 2610 fur.
1746 2546 1889 2609 326.
1921 2545 2111 2608 1284.
2146 2544 2281 2610 Ion.
2318 2546 2462 2609 801.
2495 2543 2746 2611 Phoen.
2784 2551 2921 2612 491.

612 2646 758 2714 Η61.
792 2649 893 2712 46.
933 2650 1115 2730 1409,
1147 2646 1345 2730 alias,
1391 2647 1544 2729 quin
1578 2645 1920 2730 Euripides
1965 2652 2113 2730 post
2142 2647 2414 2730 primam
2447 2648 2619 2713 arsin
2665 2648 2921 2732 longam

612 2768 741 2814 non
772 2750 1012 2815 veritus
1044 2755 1141 2815 est
1169 2748 1507 2816 admittere
1540 2740 1927 2835 ἀντιλαβήν;
1975 2749 2163 2816 Herc.
2197 2750 2314 2815 fur.
2369 2753 2550 2814 1421.

789 2850 883 2914 Ea
911 2855 1125 2916 autem
1171 2851 1678 2918 irrationalitatis
1723 2853 1946 2933 forma,
1995 2872 2125 2935 qua
2152 2853 2316 2919 arsis
2360 2853 2553 2919 tertia
2580 2852 2669 2918 ad
2716 2852 2924 2920 thesin

613 2950 882 3016 alteram
912 2951 1251 3035 confertur,
1298 2953 1364 3017 in
1393 2953 1678 3020 membro
1722 2952 2214 3037 penthemimeri
2263 2954 2685 3021 usitatissima
2728 2956 2925 3022 fuisse

614 3053 937 3120 credenda
979 3060 1093 3121 est.
1170 3054 1376 3122 Unica
1418 3062 1632 3125 autem
1677 3063 1813 3121 erat
1843 3076 1922 3122 ea
1950 3057 2454 3124 irrationalitatis
2499 3057 2712 3123 forma
2743 3059 2810 3123 in
2840 3064 2923 3124 te-

614 3158 901 3223 trametri
946 3158 1148 3243 partis
1192 3157 1425 3241 prioris
1471 3159 1669 3239 exitu,
1716 3159 2018 3241 quoniam
2063 3158 2264 3226 thesis
2308 3160 2515 3243 tertia,
2563 3178 2710 3225 cum
2760 3179 2923 3227 com-

614 3266 916 3342 pensaret
967 3261 1138 3327 arsin
1198 3259 1684 3326 antecedentem
1698 3305 1717 3340 ‚
1775 3261 2048 3327 conferri
2109 3281 2238 3327 non
2291 3267 2546 3345 poterat
2602 3261 2692 3327 ad
2758 3262 2925 3329 arsin

616 3367 908 3441 quartam
953 3368 1018 3427 61
1074 3362 1228 3444 quia
1270 3362 1337 3428 id
1384 3362 1739 3428 tetrametri
1784 3364 2061 3446 spatium
2081 3409 2098 3439 ‚
2158 3363 2329 3446 quod
2374 3363 2733 3447 respondet
2775 3382 2924 3448 pen·

615 3459 977 3528 themimeri
1032 3464 1345 3548 iambico,
1404 3463 1693 3531 thesibus
1753 3464 1976 3549 primis
2020 3471 2348 3549 tamquam
2392 3466 2684 3532 terminis
2730 3465 2924 3531 firmis

615 3562 1078 3647 stabilibusque
1110 3567 1543 3650 coercebatur,
1574 3572 1646 3632 ut
1667 3567 1828 3633 nulli
1851 3567 1987 3634 eius
2018 3568 2292 3652 tempori
2322 3568 2678 3652 quidquam
2711 3573 2930 3651 posset

616 3663 804 3749 addi,
871 3667 1043 3749 quod
1100 3688 1227 3735 non
1294 3669 1762 3737 detrahendum
1819 3676 1990 3737 esset
2046 3667 2130 3736 de
2185 3671 2315 3738 alio
2372 3677 2684 3756 tempore.
2789 3669 2928 3750 Quo

616 3768 852 3834 factum
908 3776 1006 3836 est
1023 3820 1039 3853 ‚
1100 3778 1170 3837 ut
1224 3774 1575 3839 tetrametri
1633 3771 1844 3839 thesin
1903 3777 2194 3855 quartam
2238 3780 2387 3840 ante
2432 3774 2607 3839 arsin
2667 3773 2928 3857 longam

618 3872 876 3937 omnino
933 3892 1059 3938 non
1110 3873 1375 3940 solverit
1431 3875 1605 3941 bona
1646 3894 1770 3941 ars.
1859 3873 2026 3939 Nam
2074 3873 2314 3942 Phoen.
2363 3878 2520 3941 607:
2581 3871 2930 3951 ἐξελαυνό-

794 4011 839 4071 1)
875 4006 1078 4062 Archss.
1104 4005 1207 4075 frg.
1243 4007 1574 4076 104,1lege:
1622 3997 1752 4064 εὖτέ
1790 4001 1940 4078 πρὸς
1977 4001 2191 4094 aggeres,
2242 4006 2368 4062 Sim.
2398 4010 2616 4076 Amorg.
2647 4012 2798 4077 ms:
2846 4002 2933 4078 σή-

619 4109 718 4163 νςᾳ
757 4092 840 4154 θὲς
879 4092 1075 4149 Aesch.
1099 4091 1201 4159 Ag.
1224 4096 1252 4144 7
1281 4093 1337 4146 ct
1358 4090 1459 4160 frg.
1487 4096 1606 4158 452,
1636 4096 1699 4147 12
1735 4098 1862 4148 sunt
1896 4093 2100 4162 spuria.
