3177 4960
671 343 795 403 284
1625 344 1780 412 Hugo
1817 344 1852 399 J
1857 350 2008 399 usatz

669 519 1025 587 choriambi
1082 519 1361 604 priorem
1406 518 1665 600 longam
1710 537 1837 584 non
1882 517 2091 586 thesin
2138 538 2300 602 esse,
2347 518 2461 586 sed
2508 520 2701 587 arsin.
2796 519 2978 589 Adde

671 667 918 733 solutae
975 663 1176 731 thesis
1236 664 1498 731 alterius
1545 664 1878 748 exempla:
1933 664 2131 747 Hipp.
2172 669 2324 731 147:
2385 656 2646 750 ἂνίερος
2706 627 2977 730 {gairum

669 795 978 859 πελανιῦν
1008 815 1087 856 ου
1120 800 1269 861 1573
1332 794 1564 875 λιμένα
1621 790 1737 858 τὸν
1796 787 2267 869 εὗξεινότατον.
2315 791 2422 860 Or.
2456 797 2607 860 842:
2669 770 2975 881 σφάγιον,

670 899 870 990 ἔθᾶο
891 922 1145 1009 ματέρα
1171 920 1409 1009 πᾶτρῴ
1419 947 1509 987 ων
1532 924 1821 1007 παθέων
1846 912 2136 1003 άμοιβάν
2150 949 2172 1003 ,-
2201 921 2589 988 antecedunt
2619 921 2973 990 choriambi

668 1030 900 1096 anach:
964 1026 1518 1115 χρυσεοπηνήτων
1587 1027 1857 1112 φαρέων
1908 1023 1918 1106 Ι
1969 1021 2226 1107 μαστὸν
2291 1017 2746 1110 ὑπερτέλλοντ’
2827 1023 2972 1112 [ἑο]-

670 1129 850 1198 ἷὸών.
896 1168 981 1179 -
1023 1133 1313 1198 Priorem
1360 1135 1574 1197 autem
1605 1129 1817 1197 thesin
1848 1135 1981 1195 tum
2016 1128 2272 1195 demum
2315 1129 2568 1195 solvere
2614 1129 2788 1213 licet,
2836 1149 2971 1197 cum

666 1236 828 1302 arsis
873 1234 1196 1302 antecedit
1239 1235 1485 1317 brevis,
1548 1252 1650 1300 ex.
1682 1253 1774 1316 gr.
1807 1230 2038 1298 Trach.
2078 1235 2228 1297 118:
2275 1228 2699 1317 πολύπονον,
2747 1224 2972 1318 ὥσπερ

667 1334 957 1422 πέλαγος
983 1358 1057 1397 cx>
1098 1340 1242 1403 128:
1278 1334 1563 1418 ἐπέβαλε
1593 1339 1878 1411 θνατοῖς
1909 1332 2243 1418 Κρονίδας
2256 1362 2277 1414 ,·
2321 1334 2516 1419 Hipp.
2554 1338 2673 1399 147
2709 1356 2789 1396 fx,
2824 1342 2968 1420 1573

664 1440 854 1508 Herc.
887 1439 1004 1517 fur.
1036 1443 1159 1506 639
1191 1459 1271 1503 ω
1301 1443 1458 1523 657;
1507 1440 1655 1505 Eur.
1689 1439 1782 1503 El.
1819 1439 1934 1503 181
1971 1458 2048 1498 ω
2080 1440 2237 1520 2Ο4;
2283 1436 2520 1504 Bacch.
2548 1441 2706 1504 432:
2755 1435 2967 1522 ἐνόμι-

667 1564 742 1607 σε
771 1546 1013 1630 χρῆταί
1056 1566 1147 1624 τε,
1191 1534 1329 1607 τόδ’
1384 1531 1463 1607 ἂν
1510 1540 1826 1624 δεχοίμαν
1874 1541 1992 1620 (sic
2034 1538 2498 1615 Kirohhoffius)
2529 1560 2606 1601 ω
2637 1546 2798 1607 4153
2846 1538 2969 1607 ἐκεῖ

667 1645 739 1710 δὲ
783 1645 1059 1730 βάκχαις
1101 1648 1307 1729 θέμις
1350 1638 1719 1731 ὃργιάζεινς
1777 1644 1924 1709 Eur.
1970 1644 2089 1726 frg.
2139 1646 2333 1709 10693
2374 1634 2968 1730 Ἀκροκόρινθον,Ι

669 1747 847 1834 ἱερὸν
892 1744 1122 1833 ὄχθον,
1170 1746 1370 1814 πόλιν
1399 1740 1826 1833 Ἀφροδίτας.
1916 1745 2201 1813 Solvitur
2244 1744 2446 1813 thesis
2492 1747 2668 1831 prior
2712 1768 2963 1831 respon·

665 1853 856 1919 dente
904 1852 1306 1919 choriambo:
1363 1849 1601 1916 Troad.
1648 1854 1802 1915 541:
1861 1845 2081 1929 νύχιον
2127 1845 2275 1912 ἐπεὶ
2334 1849 2581 1933 κνέφας
2642 1851 2964 1935 παρῆνω

666 1955 822 2018 5233
887 1952 1206 2039 Τρῳάδος
1265 1945 1402 2017 ἀπὸ
1462 1954 1717 2032 πέτρας
1774 1953 2083 2029 σταθείς,
2151 1951 2306 2017 item
2366 1950 2507 2036 Iph.
2565 1952 2714 2017 Aul.
2780 1957 2963 2020 10363

661 2059 766 2131 τίς
812 2047 910 2140 ἄρ’
961 2050 1273 2137 ὑμέναιος
1329 2050 1442 2118 διὰ
1488 2051 1703 2118 λώτου
1735 2074 1812 2114 ω
1848 2054 2040 2118 10583
2089 2044 2214 2116 άνὰ
2262 2045 2318 2116 d'
2369 2050 2674 2118 ἐλάταισι
2721 2076 2963 2141 στεφα-

664 2156 881 2237 νώδει,
928 2159 992 2223 in
1043 2159 1273 2242 quibus
1306 2155 1532 2223 eadem
1563 2156 1798 2222 solutio
1830 2156 2137 2240 syzygiae
2183 2155 2500 2222 iambicae
2546 2163 2609 2223 et
2655 2156 2958 2225 choriam-

663 2262 847 2329 bicae
905 2261 1258 2328 communis
1317 2260 1501 2341 inest,
1549 2277 1716 2342 quae
1760 2259 1827 2322 in
1885 2258 2309 2325 Anacreontis
2364 2258 2526 2342 frgg.
2575 2263 2678 2326 24.
2727 2265 2828 2327 25.
2887 2297 2959 2309 -

661 2365 935 2449 Excepti
993 2383 1148 2430 vero
1206 2361 1506 2428 videntur
1563 2378 1703 2426 esse
1769 2360 1894 2426 loci
1953 2358 2153 2443 Soph.
2214 2360 2309 2425 El.
2372 2363 2527 2427 824:
2596 2364 2736 2427 ποῦ
2802 2386 2960 2429 ποτε

659 2467 962 2552 κεραυνοὶ
1007 2462 1177 2543 Διὸς
1233 2453 1274 2552 ἢ
1305 2485 1381 2526 ω
1414 2465 1567 2531 8373
1631 2457 1783 2529 οἶδα
1841 2458 1966 2549 γὰρ
2013 2453 2231 2528 ι’)ἷνακτ>
2295 2456 2747 2551 Ἀμφιάρεων.
2835 2466 2959 2535 Sed

660 2574 725 2637 in
757 2571 856 2638 his
889 2589 1144 2654 quoque
1176 2569 1392 2636 metris
1422 2569 1668 2651 primus
1697 2564 1951 2650 periodi
1982 2585 2098 2651 pes
2130 2574 2468 2651 exemptus
2500 2573 2598 2634 est
2619 2589 2661 2634 a
2682 2568 2954 2652 rhythmi

658 2674 1151 2757 aequabilitate,
1215 2669 1753 2754 quemadmodum
1797 2675 2218 2752 anapaestum
2265 2669 2329 2734 in
2376 2670 2643 2736 trimetri
2705 2672 2954 2738 iambici

658 2777 925 2843 exordio
971 2795 1041 2841 se
1099 2773 1336 2840 habere
1382 2772 1695 2849 vidimus,
1755 2769 2080 2855 dactylum
2126 2770 2511 2839 videbimus.

828 2877 987 2943 Cum
1020 2882 1231 2943 autem
1280 2875 1386 2942 hic
1431 2876 1782 2942 solutiones
1825 2893 2052 2958 parum
2099 2873 2532 2958 suppeditent,
2581 2873 2954 2943 documenta

656 2979 938 3064 petenda
984 2984 1129 3047 sunt
1174 2998 1209 3045 e
1253 2977 1648 3062 syllabarum
1694 2995 1961 3044 conexu.
2050 2976 2263 3060 Atque
2310 2978 2750 3045 irrationalem
2790 2980 2952 3046 arsin

656 3083 722 3148 in
788 3082 1077 3149 dimetris
1146 3080 1438 3147 iambicis
1505 3078 1877 3146 choriambo
1942 3079 2173 3145 vicinis
2241 3084 2375 3145 tum
2442 3079 2703 3147 demum
2769 3082 2951 3164 longa

655 3186 908 3268 syllaba
967 3202 1340 3269 expressam
1400 3201 1539 3249 esse
1602 3181 2050 3264 observamus,
2109 3202 2254 3248 cum
2313 3183 2620 3267 copulata
2680 3191 2776 3253 est
2814 3204 2950 3251 cum

652 3290 907 3374 syllaba
962 3291 1269 3371 sequente
1329 3285 1434 3352 vel
1493 3303 1623 3350 una
1680 3303 1839 3350 voce
1895 3284 2002 3349 vel
2066 3304 2196 3350 una
2252 3286 2594 3352 verborum
2664 3288 2948 3355 coniunc-

648 3394 839 3458 tione.

823 3490 1011 3569 Quod
1041 3490 1277 3558 accidit
1309 3497 1371 3556 et
1403 3491 1466 3554 in
1501 3487 1771 3554 dimetro
1801 3494 1948 3570 post
1979 3486 2417 3555 choriambum
2449 3493 2696 3575 posito:
2727 3493 2947 3558 Anacr.

650 3594 767 3676 frg.
803 3595 905 3676 21,
943 3597 1050 3658 103
1097 3594 1305 3657 νῶτον
1338 3586 1601 3676 σκυτίνῃ
1644 3588 1654 3674 Ι
1691 3587 1967 3674 μάστιγι
2009 3593 2412 3673 θωμιχθεὶς,
2459 3591 2671 3682 κόμην
2685 3615 2701 3672 ;
2745 3616 2799 3662 v.
2839 3597 2949 3659 12:

650 3695 765 3758 νῦν
797 3686 859 3758 δ’
900 3691 1234 3777 ἐπιβαίνει
1267 3696 1608 3779 σατινέ-ῳν,
1650 3694 1659 3778 Ι
1693 3698 1944 3780 χρῦσέα
1977 3695 2241 3782 φορέων
2270 3699 2689 3782 καθέρματα.
2771 3697 2946 3764 Pers.

654 3800 805 3862 856:
846 3784 1122 3872 ἰσόθεος
1151 3801 1445 3882 Δᾶρεῑος
1479 3783 1633 3884 άρχε
1657 3796 1911 3882 χώρας,·
1955 3799 2129 3866 Pers.
2166 3803 2290 3863 977
2307 3824 2321 3865 3
2371 3796 2459 3886 ἐὴ,
2494 3796 2587 3886 ἐὴ,
2632 3797 2949 3881 τλάμονες

650 3891 1052 3982 άσπείρουσι
1077 3903 1293 3984 χέρσῳ
1316 3920 1394 3962 ω
1418 3904 1572 3967 9913
1603 3902 1732 3987 βοᾷ
1760 3902 1891 3987 βοᾷ
1919 3925 2036 3984 μοι
2066 3902 2320 3983 μελέων
2360 3899 2368 3986 Ι
2411 3899 2729 3968 ἔντοσθεν
2754 3884 2949 3985 ἧτορ,·

645 4002 748 4067 Ai.
785 4003 941 4066 3903
996 3997 1238 4084 ἐχθρὸν
1286 3994 1535 4089 άλημα,
1595 3999 1751 4079 τοὺς
1796 4001 1867 4067 δὲ
1915 4001 2277 4089 ὄισσάρχας
2322 3996 2613 4082 ὀλέσσας
2652 4003 2945 4089 βασιλῆς.

650 4103 723 4170 Ο.
779 4103 914 4170 Col.
967 4107 1158 4169 10503
1228 4093 1303 4167 οὗ
1363 4101 1642 4170 πότνιαι
1701 4094 1907 4187 σεμνά
1959 4108 2397 4193 τιθηνοῦνται
2457 4108 2611 4195 τέλη
2643 4129 2717 4170 ω
2749 4109 2944 4172 10653
