3177 4960
898 333 982 390 De
1015 333 1434 390 irrationalitate
1468 333 1649 390 studia
1681 334 2002 405 rhythmica.
2478 335 2599 396 337

2205 432 2246 467 O

289 507 510 593 Atque
570 507 743 575 idem
801 507 1121 593 Bergkius
1179 509 1246 574 in
1301 508 1535 592 longae
1596 507 2027 592 paenultimae
2085 508 2298 576 studio
2358 527 2434 576 eo
2493 509 2602 577 de-

292 610 567 695 scendit,
614 617 683 677 ut
714 616 962 679 ceteros
993 611 1419 695 Hipponactis
1451 629 1696 692 versus,
1741 610 1855 676 ubi
1890 609 2106 677 brevis
2151 610 2382 676 mutari
2425 612 2601 679 nullo

291 713 487 780 modo
533 712 773 797 potuit,
820 713 887 778 in
930 713 1257 795 peculiare
1304 717 1526 796 caput,
1585 712 1886 778 nimirum
1932 731 2015 778 ex
2058 712 2190 778 alio
2233 712 2397 779 libro
2442 715 2601 797 peti-

291 823 460 893 tum,
522 820 928 899 congereret,
989 821 1052 881 et
1110 834 1253 882 cum
1309 815 1375 880 in
1419 833 1545 880 uno
1593 815 1951 897 fragmento
1997 817 2128 893 (74)
2174 813 2603 882 choliambum

293 938 436 986 cum
469 936 631 1002 puro
662 917 949 984 trimetro
997 917 1403 985 coniunctum
1433 916 1807 1000 invenisset,
1853 915 2287 984 choliambum
2317 917 2603 985 trimetro

291 1039 454 1104 puro
499 1019 813 1104 adaptare
857 1018 1135 1101 studuit,
1196 1038 1340 1086 cum
1381 1019 1691 1086 scriberet
1738 1014 1923 1102 δόμῳ
1969 1038 2084 1103 pro
2133 1015 2383 1103 δούλῳ,
2431 1018 2604 1102 quod
2725 1108 2734 1116 ¹

294 1122 565 1188 verbum
598 1128 664 1189 et
692 1121 1138 1204 singularitate
1170 1141 1287 1188 sua
1331 1126 1395 1187 et
1424 1119 1741 1203 Hesychii
1787 1121 2006 1204 glossa
2050 1121 2206 1188 satis
2251 1126 2455 1187 tutum
2487 1129 2601 1189 est.

294 1223 468 1291 Sane
515 1224 777 1306 quidem
822 1223 1046 1291 unicus
1090 1242 1316 1290 versus
1361 1223 1613 1305 integer
1656 1221 1798 1305 (frg.
1833 1224 1971 1307 26),
2019 1223 2130 1306 qui
2176 1242 2258 1289 ex
2302 1222 2467 1289 libro
2513 1223 2602 1289 al·

292 1332 431 1392 tero
477 1325 854 1393 nominatim
899 1324 1162 1408 citatur,
1207 1324 1376 1410 pede
1421 1324 1646 1390 ultimo
1691 1325 1888 1392 utitur
1932 1325 2207 1392 iambico
2229 1374 2245 1407 ‚
2292 1323 2409 1393 sed
2454 1325 2604 1392 inde

290 1446 703 1513 nequaquam
750 1428 1037 1510 sequitur
1082 1446 1228 1493 eum
1283 1427 1516 1493 librum
1562 1446 1647 1492 ex
1707 1427 1900 1494 meris
1944 1428 2246 1493 trimetris
2292 1428 2604 1512 composi·

291 1537 430 1597 tum
461 1530 682 1612 fuisse,
727 1530 1008 1613 priorem
1039 1535 1254 1597 autem
1286 1549 1368 1596 ex
1400 1528 1800 1597 choliambis.
1876 1529 2043 1594 Nam
2075 1535 2344 1613 uterque
2375 1527 2605 1595 eadem

291 1653 457 1701 voce
502 1634 868 1717 appellatur
901 1630 965 1697 οἱ
994 1629 1252 1714 >ιάμβοι,
1301 1626 1336 1696 ὃ
1371 1632 1642 1714 πρῶτρς
1686 1629 1930 1713 ἰἀμβος
1975 1631 2160 1715 (frgg.
2200 1637 2252 1697 1.
2290 1633 2348 1696 2.
2383 1633 2440 1696 3.
2475 1632 2602 1713 22),

292 1732 369 1800 τὸ
429 1735 707 1820 πρῶτον
761 1735 896 1799 τῶν
953 1731 1216 1817 ἰάμβων
1274 1734 1415 1817 (frg.
1454 1729 1593 1817 15),
1649 1728 1724 1797 τὸ
1791 1729 2095 1815 δεύτερον
2149 1732 2285 1797 τῶν
2344 1727 2605 1812 ἰάμβων

294 1838 440 1922 (frg.
473 1839 614 1922 26),
670 1855 882 1920 neque
938 1837 1004 1902 in
1062 1836 1158 1903 eis
1204 1836 1489 1903 carmina
1534 1854 1618 1901 ex
1663 1835 1855 1901 meris
1899 1836 2203 1902 trimetris
2248 1834 2606 1917 composita

292 1939 561 2007 infuisse
592 1938 921 2022 videntum
966 1958 1158 2005 unum
1194 1939 1364 2005 enim
1394 1956 1572 2003 mere
1617 1936 1962 2004 iambicum
2008 1936 2146 2019 (frg.
2182 1937 2287 2013 72)
2332 1941 2431 2003 est
2459 1935 2604 2002 sub-

291 2040 604 2108 diticium.

470 2146 807 2230 Exemplis
835 2151 1051 2212 autem
1089 2143 1217 2210 illis
1262 2142 1448 2209 brevi
1493 2142 1891 2226 paenultima
1921 2142 2243 2209 utentibus
2275 2141 2406 2206 alia
2435 2146 2606 2207 certe

296 2249 603 2316 addenda
660 2255 837 2331 sunt,
897 2247 952 2314 si
1008 2244 1472 2330 paenultimam
1523 2245 1688 2311 arsis
1733 2245 1983 2312 vicibus
2041 2244 2221 2326 fungi
2267 2240 2606 2310 credimus.

295 2354 774 2439 Hipponactem
798 2349 968 2417 enim
994 2347 1285 2415 vocalem
1308 2352 1457 2412 ante
1481 2346 1774 2413 vocalem
1795 2343 2012 2411 medio
2034 2345 2100 2410 in
2124 2344 2323 2410 verbo
2356 2362 2611 2427 semper

297 2456 687 2541 corripuisse
731 2454 797 2520 in
828 2452 957 2519 arsi
1004 2449 1237 2518 docent
1267 2448 1569 2533 exempla
1614 2448 1696 2515 ab
1729 2445 2229 2531 Hephaestionis
2262 2443 2610 2513 scholiasta

296 2565 384 2645 (p.
420 2563 539 2625 107
571 2559 705 2625 W.:
753 2550 941 2642 παρὰ
993 2544 1055 2617 δ’
1088 2547 1499 2618 Ἱππώνακτι
1545 2547 1664 2615 ἐπὶ
1693 2551 1812 2635 τῆς
1845 2574 1916 2615 αι
1958 2549 2072 2613 καὶ
2118 2572 2185 2613 οι
2231 2544 2609 2634 διφθόγγου

296 2659 515 2747 πολλή
564 2658 745 2726 ἐστιν
788 2655 827 2746 ἡ
854 2658 1089 2744 χρῆσις
1121 2656 1281 2735 (scil.
1313 2655 1431 2741 τῆς
1464 2652 1834 2740 συστολῆς»
1865 2652 2064 2719 allata
2094 2652 2234 2735 (frg.
2268 2654 2349 2715 22
2379 2652 2471 2723 Α.
2491 2652 2609 2734 Β.),

296 2765 532 2848 quibus
589 2761 795 2829 addas
843 2759 1142 2844 exempla
1197 2759 1463 2825 inventa
1507 2762 1572 2829 et
1628 2757 1693 2821 in
1737 2756 1866 2822 arsi
1923 2760 2151 2838 quarta
2191 2751 2339 2838 (frg.
2375 2757 2490 2838 42,
2544 2759 2609 2819 1:

294 2869 407 2934 καὶ
459 2863 794 2954 Θρῆῑκίων
854 2859 1127 2937 πώλων)
1173 2867 1237 2928 et
1293 2861 1548 2944 quinta,
1609 2878 1802 2942 quam
1846 2877 1992 2925 raro
2046 2856 2424 2943 productam
2470 2876 2612 2924 esse

299 2976 551 3039 constat
581 2969 723 3053 (frg.
756 2970 829 3052 63
864 2971 1068 3046 14‚·1;
1100 2968 1204 3048 42,
1237 2965 1310 3048 33
1354 2964 1456 3041 43,
1490 2965 1562 3045 33
1612 2964 1714 3044 44,
1765 2964 1845 3035 1).
1933 2962 2095 3027 Item
2139 2958 2612 3043 diphthongum

298 3074 515 3141 iudico
561 3071 798 3156 corripi
841 3071 924 3137 ab
971 3069 1381 3154 Hipponacte
1438 3066 1507 3131 in
1550 3065 1776 3131 ultimo
1835 3063 2004 3148 pede
2050 3081 2348 3130 versuum
2394 3063 2515 3145 frg.
2551 3065 2611 3139 2,

301 3182 368 3243 1:
426 3160 627 3262 καῧης
671 3181 736 3241 et
793 3178 907 3255 51,
950 3175 1038 3255 ι2;
1099 3157 1476 3255 καπηλεῧει.
1577 3167 1835 3234 Etenim
1891 3167 1946 3232 si
2006 3163 2405 3232 choliambos
2464 3182 2613 3230 suos

300 3301 445 3348 cum
490 3278 792 3346 trimetris
836 3276 1015 3361 puris
1060 3271 1365 3342 confundi
1408 3270 1723 3336 noluIsset
1765 3274 1988 3351 poeta,
2047 3266 2117 3331 in
2163 3264 2468 3332 extremis
2515 3283 2609 3332 se·

298 3384 488 3451 dibus
549 3386 721 3450 certe
778 3378 1048 3464 syllabis
1105 3395 1257 3443 usus
1318 3379 1489 3440 esset
1544 3372 1671 3455 eis,
1730 3389 1996 3453 quarum
2055 3367 2443 3451 quantitates
2486 3386 2614 3433 non

299 3491 519 3554 essent
560 3483 817 3551 dubiae.
909 3479 1096 3560 Quod
1129 3497 1209 3544 ne
1255 3477 1322 3541 in
1352 3474 1901 3559 antepaenultima
1947 3470 2210 3554 quidem
2239 3469 2395 3537 sede
2441 3470 2610 3537 fecit.

300 3587 510 3669 Quam
553 3588 610 3654 si
655 3586 970 3653 voluisset
1013 3601 1155 3650 esse
1200 3580 1562 3659 trisemam,
1611 3581 1784 3643 certe
1830 3594 1973 3641 eam
2019 3573 2378 3640 adiuvisset
2419 3573 2615 3656 plena
2681 3660 2691 3674 ⁴

294 3691 717 3776 perfectaque
761 3688 989 3770 longa,
1035 3704 1195 3764 non,
1241 3688 1311 3748 ut
1354 3678 1792 3764 compluribus
1837 3677 1998 3743 locis
2041 3675 2224 3757 fecit,
2282 3675 2613 3742 levissima

299 3793 623 3880 positione
677 3789 997 3873 syllabam
1058 3784 1503 3872 produxisset,
1560 3781 1807 3848 scilicet
1853 3799 1964 3863 ea,
2024 3797 2192 3862 quae
2245 3776 2318 3843 fit
2361 3777 2611 3843 duabus

304 3893 822 3977 consonantibus,
855 3911 897 3957 a
926 3890 1158 3974 quibus
1189 3887 1458 3954 verbum
1490 3884 1905 3966 subsequens
1919 3881 2164 3966 incipit,
2198 3880 2376 3946 velut
2410 3882 2508 3961 15,
2546 3883 2609 3943 1.

299 3997 412 4065 ἐπὶ
451 3995 769 4081 {ui-,oms
820 3997 920 4078 15,
970 3997 1039 4056 5·
1084 3991 1374 4075 γαστέρα
1417 3990 1697 4074 τρέψας,
1747 3989 1848 4069 35,
1898 3989 1964 4051 5:
2011 3985 2263 4069 μητέρα
2309 3977 2611 4064 τρώγωνς

305 4109 417 4184 15,
465 4107 537 4188 3,
584 4103 699 4183 48,
746 4101 982 4183 49,1;
1030 4099 1143 4179 51,
1190 4098 1262 4177 4,
1321 4095 1437 4175 63,
1487 4097 1552 4157 1:
1599 4112 1787 4175 παρα
1837 4083 2060 4175 ρητήρ.
2151 4085 2317 4149 Nam
2363 4083 2420 4149 si
2465 4102 2608 4149 con·
