3177 4960
567 342 695 401 244
1521 336 1681 406 nugo
1716 336 1904 392 Jusatz

577 513 916 595 71'12:²3l12‚
960 531 1127 579 neve
1173 512 1367 594 igitur
1408 513 1474 576 in
1506 510 1872 594 rhythmica
1915 510 2080 576 inter
2110 510 2264 575 bina
2306 514 2599 591 tempora
2627 506 2886 574 irratio-

568 617 747 682 nalia
803 614 1314 699 proportionem,
1372 612 1646 678 fortasse
1703 631 2011 695 aequam,
2071 610 2468 678 intercedere
2523 610 2879 694 arbitreris,

571 717 745 801 quod
788 736 909 783 nec
952 735 1096 783 cum
1126 713 1498 781 Aristoxeni
1542 714 1898 781 rationibus
1929 714 2274 781 convenire
2316 733 2524 796 neque
2555 730 2702 777 eum
2733 731 2881 779 sen-

569 840 744 902 sum,
803 837 930 901 quo
988 836 1214 884 vocem
1274 813 1468 899 λόγον
1527 816 1594 880 in
1638 814 2011 883 harmonica
2054 821 2226 883 certe
2271 814 2531 899 quidem
2586 813 2881 895 intellegi

572 920 798 1003 voluit,
843 918 1187 986 admittere
1233 937 1430 1001 supra
1472 919 1630 985 satis
1676 919 2174 985 demonstratum
2220 923 2336 984 est.
2425 917 2659 983 Verum
2705 915 2883 981 enim

569 1041 724 1088 vero
786 1012 1082 1105 ἀριθμὸς
1145 1018 1651 1103 comprehendet
1712 1020 1925 1086 omnia
1968 1020 2082 1085 illa
2126 1009 2552 1103 ἆμελῴόητα,
2598 1037 2764 1100 quae
2811 1018 2882 1082 in

568 1130 703 1190 toto
735 1129 1087 1207 systemate
1119 1122 1332 1187 inesse
1361 1126 1742 1204 statuuntur,
1774 1122 1953 1188 velut
1982 1123 2049 1186 in
2078 1126 2428 1207 systemate
2457 1118 2879 1187 enharmonio

568 1226 682 1292 illo
731 1216 991 1308 ἀλόγως
1034 1223 1248 1291 diviso
1298 1225 1563 1308 triginta
1605 1228 1823 1307 partes
1867 1222 2314 1304 duodecimas,
2373 1223 2441 1287 in
2484 1220 2883 1289 chromatico

571 1325 1139 1394 duodevicesimas
1179 1325 1610 1418 quadraginta
1641 1322 1990 1407 quinqu01),
2038 1343 2204 1407 quae
2235 1342 2524 1391 summae
2552 1323 2880 1390 intervalli

569 1429 906 1513 compositi
939 1426 1208 1509 definiti,
1255 1427 1402 1494 dico
1431 1428 1552 1491 τοῦ
1582 1422 1697 1491 διὰ
1728 1422 2092 1509 τεσσάρων,
2139 1427 2349 1509 spatio
2380 1445 2627 1509 aequae
2658 1432 2880 1500 erunt;

569 1550 695 1613 quo
756 1529 826 1596 fit
870 1536 941 1596 ut
997 1528 1077 1594 οἱ.
1123 1521 1409 1613 ἀριθμοὶ
1454 1529 1713 1594 illorum
1772 1520 2217 1612 ἆμελῳδήτων
2275 1528 2555 1594 habeant
2620 1524 2879 1611 λόγους.

559 1623 1001 1719 ’Λμελῴδητα
1045 1632 1240 1715 igitur
1269 1632 1405 1716 illa,
1452 1650 1621 1714 quae
1666 1632 1730 1697 in
1762 1631 1910 1697 aliis
1954 1629 2322 1715 systematis
2359 1620 2616 1713 ἀλόγως
2646 1630 2880 1697 divisis

566 1736 698 1800 alia
742 1753 887 1802 esse
931 1734 1203 1817 cogitari
1249 1734 1390 1800 sive
1436 1734 1630 1800 statui
1688 1728 2207 1814 (λαμβάνεσθαι)
2251 1738 2535 1815 possunt,
2580 1732 2883 1799 dicuntur

568 1832 735 1900 κατὰ
770 1832 928 1912 τοὺς
957 1837 1092 1900 τῶν
1124 1827 1441 1919 ἀριθμῶν
1470 1832 1679 1917 μόνον
1710 1831 1944 1917 λόγους
1968 1831 2438 1915 λαμβανόμενα
2470 1830 2656 1919 ῥητά,
2704 1833 2884 1918 quod

572 1957 720 2004 nos:
767 1958 929 2013 „nur
971 1939 1039 2002 in
1081 1938 1294 2003 sofern
1339 1937 1649 2019 rational,
1694 1937 1792 2003 als
1836 1934 1977 2002 ihre
2020 1934 2324 2003 Summen
2369 1934 2734 2002 bestimmte
2777 1958 2879 2003 ra·

568 2038 811 2105 tionale
841 2037 1124 2105 Grossen
1166 2037 1397 2104 haben.
1415 2042 1441 2070 ‘⁸

745 2139 976 2222 Neque
1020 2158 1176 2207 vero
1220 2141 1289 2205 in
1335 2159 1413 2205 eo
1450 2138 1906 2207 offendendum
1952 2133 2068 2223 est,
2115 2138 2290 2222 quod
2335 2139 2419 2206 de
2464 2159 2591 2205 una
2633 2159 2706 2207 re
2750 2139 2885 2208 dici

571 2240 876 2306 videntur
905 2242 1186 2307 numeris
1214 2240 1573 2325 pluralibus
1616 2239 1680 2305 οἱ
1711 2241 1843 2303 τῶν
1875 2231 2190 2324 ἀριθμῶν
2222 2238 2426 2325 λόγοι.
2513 2241 2688 2308 Nam
2717 2233 2885 2325 ἆμε-

571 2339 841 2428 λιρδπ]τα
901 2344 1113 2426 spatia
1167 2363 1432 2410 numero
1489 2342 1740 2409 infinita
1782 2343 1975 2410 statui
2018 2350 2319 2428 possunt,
2379 2364 2649 2428 quorum
2695 2364 2887 2411 suum

567 2444 872 2530 quodque
904 2432 1060 2512 facit
1085 2435 1403 2530 ἀριθμὸν,
1438 2446 1548 2529 qui
1578 2436 1879 2532 ἀριθμὸς
1909 2465 2093 2512 suum
2127 2446 2398 2530 quisque
2429 2445 2628 2513 habet
2659 2443 2882 2531 λόγον.

565 2549 794 2632 Itaque
836 2544 912 2612 τὸ
946 2544 1114 2612 κατὰ
1160 2544 1316 2624 τοὺς
1345 2548 1481 2612 τῶν
1512 2539 1830 2631 ἀριθμῶν
1874 2544 2081 2629 μόνον
2112 2545 2346 2631 λόγους
2378 2544 2576 2634 ῥητὸν
2607 2569 2884 2633 genera.-

566 2650 719 2716 liter
764 2656 862 2717 est
891 2649 1155 2733 dictum,
1199 2671 1330 2716 non
1369 2651 1578 2716 minus
1626 2669 1819 2733 quam
1863 2645 1937 2714 τὸ
1978 2646 2147 2714 κατὰ
2191 2653 2393 2734 μέρος
2439 2648 2661 2737 ῥητόν.
2753 2653 2883 2718 Το-

567 2756 703 2816 tum
749 2751 918 2816 enim
968 2757 1161 2836 caput
1218 2752 1310 2817 ita
1354 2752 1758 2835 comparavit
1798 2752 2256 2834 Aristoxenus,
2301 2759 2373 2820 ut
2414 2773 2541 2820 non
2586 2754 2881 2837 singulas

568 2850 882 2933 quasdam
942 2871 1046 2918 res
1067 2902 1084 2935 ‚
1141 2853 1257 2918 sed
1313 2854 1682 2920 unIVersam
1740 2853 2189 2920 rationalitatis
2244 2861 2311 2921 et
2366 2855 2881 2924 irrationalitatis

567 2958 860 3017 naturam
908 2949 1007 3029 (τὸ
1059 2950 1257 3040 ῥητὸν
1303 2960 1369 3020 et
1409 2951 1484 3019 τὸ
1522 2948 1790 3040 ἄλογον)
1827 2957 2192 3023 illustraret.
2280 2955 2449 3021 Nam
2495 2959 2700 3025 semel
2743 2966 2880 3025 tan-

567 3059 724 3137 tum,
771 3073 917 3120 cum
962 3054 1044 3121 de
1074 3055 1506 3122 rationalitate
1551 3053 1620 3121 ἐν
1653 3057 1940 3143 ῥυθμοῖς
1970 3057 2272 3140 loquitur,
2316 3056 2519 3125 adicit
2546 3061 2877 3128 notionem

567 3162 807 3223 certam
840 3152 1066 3242 (ῥητὸν
1092 3154 1331 3240 χρόνου
1360 3160 1677 3243 μέγεθος)
1704 3166 1900 3243 atque
1927 3158 1998 3225 id
2029 3157 2290 3241 quidem
2321 3179 2450 3225 non
2478 3161 2620 3227 sine
2652 3182 2877 3248 θεαθεὶς

571 3259 805 3326 ceteris
849 3279 1005 3326 vero
1036 3260 1199 3326 locis
1245 3261 1535 3327 consulto
1566 3261 1784 3328 omisit
1825 3259 2119 3327 notiones
2150 3257 2488 3347 διάστημα
2531 3270 2597 3329 et
2619 3262 2877 3349 χρόνος.

570 3360 762 3427 Unde
809 3359 900 3444 fit,
946 3368 1016 3428 ut
1061 3361 1145 3427 de
1187 3362 1626 3430 rationalitate
1672 3363 1995 3430 disserens
2040 3361 2233 3429 modo
2265 3364 2688 3446 complurium
2733 3388 2877 3453 spa·

567 3462 800 3526 tiorum
832 3461 1312 3531 coniunctiones
1343 3455 1708 3548 (ἇριθμούς
1733 3459 1996 3549 ρητούς)
2027 3464 2352 3549 respicere
2383 3464 2702 3551 videatur,
2732 3486 2877 3533 cum

567 3561 731 3628 dicit
772 3557 848 3626 τὸ
896 3558 1067 3626 κατὰ
1110 3566 1311 3648 μέρος
1356 3563 1555 3653 ῥητὸν
1602 3562 1899 3653 εἰλήφθη
1948 3572 2013 3632 et
2053 3561 2129 3629 τὸ
2166 3563 2334 3629 κατὰ
2379 3562 2500 3630 τὶν
2542 3567 2666 3632 τοῦ
2712 3565 2872 3652 ῥυθ-

565 3663 697 3745 μοῦ
755 3660 960 3748 φύσιν
1017 3662 1428 3748 λαμβάνεται
1486 3665 1726 3755 ῥητόν,·
1781 3688 1929 3734 nam
1989 3672 2053 3733 et
2094 3665 2262 3732 κατὰ
2317 3671 2521 3751 μέρος
2576 3689 2705 3736 non
2747 3668 2874 3736 diei

1985 3785 2185 3852 ειμι-1
2228 3828 2294 3895 -Ι-
2329 3784 2489 3838 bx—
2507 3790 2531 3838 1

2068 3885 2105 3921 X

2414 3886 2451 3922 X

741 3825 789 3886 1)
824 3820 1085 3877 Universe
1120 3822 1274 3877 nobis
1309 3822 1520 3878 dicetur
1554 3817 1808 3897 α’ριθμὸς
1842 3826 1879 3880 S
1897 3853 1965 3872 =

2554 3828 2869 3895 ,inquoa

567 3976 622 4024 et
656 3969 692 4023 b
729 3972 858 4024 sunt
892 3972 1071 4040 spatia
1115 3972 1523 4028 intervallorum
1570 3974 1942 4042 rationalium,
1968 3940 2034 4072 ὲ
2053 3983 2234 4033 autem
2281 3972 2676 4050 άμελῴδητον,
2728 3975 2863 4046 quod

567 4074 925 4153 λαμβάνεται
960 4077 1024 4136 ἐν
1060 4090 1183 4147 ταῖς
1217 4086 1630 4154 παραλλαγαῖς.
