3177 4960
851 345 934 400 De
967 344 1385 401 irrationalitate
1420 344 1603 402 studia
1636 345 1955 415 rhythmica.
2435 346 2558 407 329

238 522 477 604 μεσθα
540 517 875 602 πατρίδος
921 521 1060 583 ΕΤ.
1107 519 1219 586 καὶ
1262 514 1388 601 γὰρ
1432 500 1644 601 ἦλθες
1690 514 1928 594 ἐξελῶν
1971 520 2312 586 verborum
2358 525 2559 587 trans-

238 623 567 708 positione
635 622 954 690 sublatum
1022 627 1120 687 est
1177 640 1219 686 a
1274 618 1714 704 Blomfieldi0;
1795 618 1903 686 Or.
1954 623 2106 687 786:
2182 612 2432 697 ἀκλεῶς
2497 627 2561 687 et

240 726 384 791 Ion.
418 728 573 791 512:
623 720 801 809 ἱερὸν
846 744 963 809 per
993 723 1313 807 synizesin
1359 722 1638 805 legenda
1667 729 1860 806 atque
1906 722 2031 790 hoc
2076 723 2334 807 quidem
2368 723 2561 790 etiam

243 826 660 896 scribendum
728 833 826 893 est
894 822 1070 912 ἱρὸν,
1139 824 1680 909 quemadmodum
1746 825 1920 892 Pers.
1970 829 2125 891 745:
2184 815 2373 902 ὅστις
2431 819 2560 891 Ἐλ-

243 928 625 1017 λήσποντον
672 926 817 1013 ἱρὸν
863 926 1099 993 δοῦλον
1128 926 1264 992 κτλ.
1297 933 1552 1011 praeter
1587 927 1942 995 scribarum
1986 948 2171 996 usum
2215 930 2423 996 forma
2467 928 2561 994 di-

243 1034 505 1119 syllaba
550 1038 726 1098 extat
755 1033 823 1097 in
853 1031 1220 1111 codicibus3
1267 1030 1420 1096 item
1465 1031 1683 1097 nescio
1727 1051 1813 1097 an
1856 1031 1922 1096 in
1963 1031 2084 1114 frg.
2118 1030 2401 1117 Hippon.
2450 1034 2561 1097 8οε

243 1133 416 1221 μηδὲ
482 1127 865 1217 μωμύλλειν
922 1130 1263 1217 Λεβεὸίην
1329 1152 1561 1198 nomen
1618 1130 1957 1218 Λεβεόίην
2023 1134 2226 1199 tribus
2291 1135 2562 1219 syllabis

131 1242 136 1248 ’
246 1237 787 1324 pronuntiandum
806 1286 823 1320 ,
885 1236 1155 1302 fortasse
1216 1236 1411 1300 etiam
1468 1235 1876 1302 scribendum
1933 1237 2017 1303 sit
2069 1233 2427 1321 (Λεβέζην,
2496 1243 2566 1303 ut

245 1338 455 1427 κάρζα
485 1359 604 1425 pro
635 1337 876 1422 καρδία
900 1337 1134 1405 Aesch.
1160 1336 1338 1420 Sept.
1370 1339 1515 1402 288.
1542 1337 1768 1422 Suppl.
1799 1344 1898 1404 71.
1925 1340 2091 1418 799).
2137 1339 2213 1404 In
2237 1339 2564 1423 Euripidis

244 1463 402 1511 vero
449 1442 672 1509 fabula
701 1442 841 1508 sola
870 1460 968 1524 ea,
1015 1460 1208 1524 quam
1239 1461 1279 1506 a
1307 1441 1772 1524 posterioribus
1814 1441 2141 1508 edolatam
2185 1462 2264 1508 ac
2307 1442 2564 1526 supple·

244 1554 378 1612 tam
411 1565 556 1613 esse
587 1546 844 1627 scimus,
890 1550 1038 1610 ante
1084 1544 1342 1628 longam
1373 1544 1546 1610 arsin
1592 1544 1861 1611 solvitur
1903 1543 2104 1611 thesis
2151 1551 2379 1628 quarta
2409 1544 2565 1611 duo·

246 1649 467 1716 decies
514 1646 679 1731 (Iph.
716 1647 862 1713 Aul.
899 1650 1041 1712 317.
1091 1648 1233 1711 324.
1283 1649 1425 1711 334.
1476 1648 1619 1711 355.
1669 1648 1812 1711 358.
1862 1650 2005 1712 379.
2056 1649 2197 1712 881.
2246 1649 2390 1712 882.
2425 1649 2566 1711 886.

250 1754 395 1817 888.
431 1754 577 1815 911.
616 1751 824 1827 1354).
915 1748 1083 1827 Quin
1127 1768 1207 1814 ne
1238 1755 1386 1815 ante
1440 1750 1705 1815 brevem
1751 1748 2012 1832 quidem
2057 1768 2253 1834 saepe
2299 1749 2569 1817 solvitur

249 1854 455 1922 thesis
487 1854 623 1937 illa,
669 1872 900 1938 nempe
932 1852 1162 1918 eadem
1208 1851 1291 1917 de
1328 1870 1542 1935 causa,
1588 1871 1719 1934 qua
1761 1852 2032 1918 trimetri
2077 1851 2277 1920 thesis
2323 1855 2567 1937 quinta,

247 1958 504 2025 etiamsi
550 1955 876 2022 antecedit
903 1955 1140 2037 brevis,
1174 1959 1391 2020 tamen
1421 1974 1564 2020 raro
1600 1954 1889 2021 solvitur.
1980 1954 2146 2021 Nam
2176 1955 2568 2024 irrationalis

248 2079 390 2127 esse
437 2058 696 2126 videtur
739 2057 940 2125 thesis
987 2055 1462 2141 quoquomodO,
1509 2056 1831 2140 siquidem
1863 2058 1924 2123 ei
1960 2058 2440 2142 compensanda
2472 2067 2569 2126 est

247 2162 559 2245 temporis
590 2159 939 2245 rhythmici
984 2160 1051 2225 in
1081 2160 1210 2226 arsi
1240 2160 1436 2244 positi
1466 2180 1595 2225 non
1626 2160 1819 2226 modo
1850 2180 2021 2244 pars,
2068 2180 2234 2244 quae
2273 2162 2570 2246 expletur

249 2265 507 2348 syllaba
563 2264 779 2346 brevi,
841 2263 956 2330 sed
1022 2263 1215 2328 etiam
1274 2281 1425 2346 pars
1483 2263 1846 2329 minuscula
1903 2263 2068 2329 inter
2118 2263 2320 2330 verba
2378 2265 2566 2331 inter-

249 2367 510 2434 cedens.
562 2366 793 2449 Itaque
822 2371 1078 2451 praeter
1109 2364 1216 2431 Or.
1246 2367 1409 2428 1524
1442 2371 1506 2430 et
1535 2362 1677 2447 Iph.
1703 2364 1849 2429 Aul.
1875 2366 2019 2429 346.
2046 2365 2190 2431 884.
2228 2367 2391 2430 1382
2424 2385 2568 2432 eam

250 2470 637 2537 solutionem
695 2469 895 2536 semel
951 2489 1080 2535 una
1137 2466 1333 2534 habet
1388 2465 1528 2549 Iph.
1590 2466 1783 2532 Taur.
1842 2487 1902 2533 v.
1964 2468 2146 2533 1232.
2249 2466 2566 2546 Quoniam

249 2579 468 2640 autem
501 2579 797 2656 tempora
825 2571 979 2637 bina
1023 2569 1422 2637 irrationalia
1465 2569 1631 2635 inter
1660 2588 1731 2636 se
1763 2569 2153 2636 conferenda
2195 2570 2361 2637 inter
2407 2570 2569 2638 duas

249 2694 563 2761 personas
610 2674 952 2742 distributa
982 2693 1124 2740 esse
1154 2693 1282 2739 non
1328 2677 1427 2738 est
1469 2677 1986 2756 consentaneum,
2035 2662 2376 2759 ἆντιλαβὴ,
2424 2692 2570 2741 cum

250 2784 399 2864 post
430 2783 680 2845 ceteras
724 2776 1079 2843 tetrametri
1116 2775 1303 2843 sedes
1349 2793 1570 2841 omnes
1615 2779 1874 2859 praeter
1917 2775 2159 2859 primas
2204 2781 2270 2842 et
2311 2776 2570 2843 ultimas

250 2881 638 2962 inveniatur,
684 2885 754 2945 ut
798 2899 926 2945 non
969 2884 1116 2963 post
1159 2878 1429 2944 alteram
1472 2877 1804 2960 utriusque
1849 2879 2050 2961 partis
2095 2879 2270 2945 arsin
2312 2880 2571 2963 longam

251 2987 503 3062 (verum
566 2988 715 3066 post
770 2982 1063 3048 brevem:
1125 2978 1368 3047 Phoen.
1416 2982 1560 3045 612.
1619 2980 1753 3046 Ion.
1803 2981 1947 3046 531.
2000 2979 2143 3066 Iph.
2188 2981 2335 3047 Aul.
2387 2985 2571 3047 1351.

255 3087 465 3168 1364),
508 3086 601 3151 ita
629 3104 711 3151 ne
740 3091 888 3168 post
916 3089 1210 3167 quartam
1242 3081 1504 3166 quidem
1536 3081 1750 3149 thesin
1780 3081 2156 3149 admittitur.
2221 3084 2344 3161 (De
2374 3082 2570 3150 Rhes.

252 3209 358 3255 vv.
394 3189 541 3253 685.
578 3189 721 3252 687.
756 3188 835 3255 cf.
867 3207 976 3271 pp.
1011 3189 1155 3251 273.
1190 3188 1360 3264 275).
1435 3186 1510 3250 In
1544 3186 1830 3251 trimetro
1877 3191 2090 3251 autem
2120 3191 2267 3268 post
2296 3186 2570 3270 primam

252 3292 592 3374 syzygiam
626 3280 947 3375 ἇντιλαβὴ
996 3291 1088 3355 ita
1129 3295 1375 3355 tantum
1419 3288 1760 3369 invenitur,
1806 3293 1877 3352 ut
1915 3292 2218 3369 sequatur
2261 3287 2570 3373 semisep-

253 3395 524 3475 tenaria,
558 3394 855 3475 quamvis
883 3392 1038 3458 item
1069 3389 1526 3474 semiquinaria
1555 3390 1768 3456 inesse
1798 3388 2096 3455 videatur
2124 3388 2382 3466 (Trach.
2416 3393 2573 3456 418:

249 3493 592 3561 κάτοισθα
626 3485 816 3578 651²,-
845 3498 1048 3559 AIX.
1076 3486 1154 3558 οὔ
1178 3516 1353 3579 φημι
1372 3512 1386 3526 ·
1429 3491 1438 3571 Ι
1477 3486 1650 3574 πρὸς
1673 3493 1742 3556 τί
1773 3482 1833 3554 δ’
1876 3489 2199 3575 ἱστορεῑςς
2229 3490 2302 3558 Ο.
2329 3491 2398 3559 O.
2427 3496 2570 3560 861.

252 3599 393 3666 Alc.
431 3603 618 3664 1119.
666 3596 833 3663 Phil.
872 3599 1081 3674 1296).

424 3701 800 3767 Rationales
843 3706 1059 3768 autem
1104 3699 1370 3781 formae,
1416 3697 1498 3763 ad
1547 3717 1707 3781 quas
1739 3696 2009 3764 membri
2039 3696 2569 3782 penthemimeris

254 3803 500 3869 formae
547 3803 949 3869 irrationales
994 3808 1157 3885 tres,
1219 3820 1378 3884 quas
1423 3800 1788 3885 posuimus,
1850 3798 2191 3869 traducunt
2233 3820 2568 3868 numerum

256 3924 430 3971 mere
476 3903 1111 3988 iambotrochaicum‚
1157 3903 1536 3970 statuendae
1582 3909 1729 3969 sunt
1774 3901 1928 3969 hae:

599 4007 649 4070 1)
684 4002 1366 4070 LLustg—wa-3
1438 4001 1492 4070 2)
1525 4001 2240 4088 -υέέυλόςῖέέίυῲ-ς

1010 4109 1060 4172 3)
1092 4104 1812 4170 ἶΞ-ἕ-Ψ-’ὄιῖἵ-Ϊῷυ-Ῑί-,

1485 4155 1533 4170 V
