3177 4960
858 340 942 394 De
975 340 1388 396 irrationalitate
1424 340 1607 397 studia
1641 341 1962 411 rhythmica.
2440 340 2563 399 223

236 537 492 597 μετρον
552 533 668 579 suo
730 507 1153 598 ὑπερέχοντι,
1211 514 1516 596 quoniam
1573 534 1874 581 mensura
1936 533 2153 580 eorum
2210 515 2562 581 communis

240 616 481 683 eadem
527 636 782 702 semper
826 637 904 683 ac
937 615 1206 682 definita
1251 621 1366 699 est,
1413 615 1560 683 dico
1605 613 1681 680 τὸ
1733 612 1846 680 διὰ
1891 613 2256 701 τεσσάρων.

422 718 606 796 Quae
663 719 718 785 si
763 724 937 785 recte
1000 718 1330 803 disputata
1385 727 1561 802 sunt,
1620 725 1913 803 apertum
1973 725 2070 786 est
2111 718 2565 785 Aristoxenum

238 823 310 888 in
342 828 620 905 utraque
663 822 950 888 musicae
994 827 1179 905 parte
1224 840 1408 887 usum
1455 841 1601 888 esse
1631 823 1985 889 rationibus
2032 821 2275 888 eisdem
2310 820 2562 887 eodem-

245 944 378 1007 que
425 925 730 1007 consilio,
792 945 872 991 ac
916 925 1210 990 notiones
1265 924 1385 987 τοῦ
1431 922 1633 1010 ῥητοῦ
1679 931 1743 990 et
1786 925 1904 988 τοῦ
1951 915 2197 1006 ἀλόγου
2244 924 2564 1006 utrimque

241 1025 480 1093 eodem
538 1045 730 1093 sensu
788 1045 1166 1110 usurpasse;
1222 1025 1385 1091 illud
1444 1028 1615 1092 enim
1674 1025 1920 1093 dixisse
1966 1026 2066 1108 id,
2134 1025 2306 1112 quod
2352 1027 2564 1109 spatio

240 1128 511 1196 definito
546 1134 661 1211 est,
694 1127 838 1210 hoc,
876 1128 1049 1211 quod
1081 1127 1432 1194 indefinito.

419 1232 659 1298 Verum
691 1232 861 1298 enim
895 1250 1048 1297 vero
1079 1232 1163 1297 ab
1195 1229 1566 1297 harmonica
1604 1230 1822 1297 differt
1850 1230 2215 1314 rhythmica
2246 1250 2343 1312 ec,
2391 1229 2566 1312 quod

240 1334 361 1399 illa
391 1334 662 1418 singulis
692 1333 1052 1399 intervallis
1084 1334 1280 1398 utitur
1309 1353 1428 1416 per
1450 1352 1521 1399 se
1550 1331 1831 1398 definitis
1864 1338 1976 1398 aut
2004 1330 2373 1414 indefinitis,
2407 1351 2561 1414 quo-

238 1436 419 1501 niam
451 1454 766 1518 mensura,
813 1441 1020 1518 tonus,
1066 1455 1210 1501 cum
1241 1454 1325 1501 ex
1357 1436 1914 1502 consonantiarum
1956 1435 2380 1517 minimarum,
2428 1434 2565 1500 dia-

237 1543 444 1622 pente
488 1543 551 1603 et
593 1536 1014 1620 diatessaron,
1062 1537 1435 1603 discrimine
1465 1539 1725 1619 oriatur,
1772 1538 2088 1603 constanti
2134 1543 2230 1603 est
2260 1537 2471 1620 spatio
2503 1543 2568 1602 et

239 1639 476 1706 eodem
509 1659 792 1725 semper3
824 1641 889 1704 in
916 1639 1038 1705 hac
1068 1659 1223 1705 vero
1254 1645 1517 1724 propter
1547 1640 1795 1704 variam
1826 1659 2078 1722 agogen
2107 1658 2409 1704 mensura
2437 1658 2566 1703 non

238 1744 528 1825 gignitur
572 1743 695 1809 nisi
742 1742 835 1808 eis
880 1743 1039 1825 ipsis
1085 1747 1447 1825 temporum
1491 1741 1719 1824 spatiis
1738 1791 1754 1824 ‚
1818 1760 1985 1824 quae
2027 1739 2354 1806 metienda
2398 1745 2562 1807 sunt.

236 1844 472 1926 Itaque
504 1865 646 1910 cum
680 1840 872 1927 λόγος
901 1845 1007 1909 vel
1040 1834 1277 1926 ἀλογία
1308 1844 1374 1907 in
1407 1842 1782 1909 harmonica
1825 1844 1932 1908 vel
1963 1844 2028 1908 in
2071 1844 2341 1926 singulis
2371 1848 2565 1926 atque

237 1948 556 2013 absolutis
601 1947 828 2032 spatiis
873 1947 1056 2030 insit,
1103 1948 1170 2011 in
1214 1944 1582 2030 rhythmica
1626 1946 2003 2029 compositis
2049 1945 2309 2011 demum
2355 1951 2568 2031 potest

238 2050 460 2115 tribui.
549 2047 984 2127 Quamobrem
1043 2050 1299 2132 singula
1343 2054 1638 2132 tempora
1681 2067 1799 2132 per
1843 2067 1913 2114 se
1958 2067 2079 2114 nec
2141 2044 2308 2134 ῥητὰ
2352 2067 2565 2131 neque

240 2145 459 2233 ἄλογα
490 2158 655 2235 sunt,
702 2150 818 2218 sed
852 2148 1047 2234 λόγος
1080 2170 1299 2217 eorum
1345 2151 1438 2217 ita
1467 2150 1558 2233 fit,
1606 2158 1676 2217 ut
1705 2152 1980 2216 alterum
2017 2157 2271 2234 tempus
2300 2152 2565 2217 alterius

241 2254 732 2337 comparatione
779 2253 1140 2320 definiatur.
1233 2250 1481 2331 Quodsi
1527 2254 1724 2345 igitur
1768 2254 1834 2317 in
1879 2254 2104 2336 fragm.
2138 2253 2411 2319 Parisin.
2457 2256 2494 2329 ξ
2526 2256 2564 2317 6

156 2424 167 2433 ,
239 2357 552 2439 scriptum
600 2375 743 2423 esse
788 2355 1107 2439 videmuS‚
1153 2355 1394 2439 pedum
1442 2375 1584 2421 esse
1632 2353 1828 2438 λόγον
1876 2352 1942 2418 ἐν
1969 2351 2235 2439 χρόνοις
2265 2359 2566 2436 κείμενον

239 2464 358 2525 aut
403 2449 680 2541 ἀλογίαν
727 2454 796 2522 ἐν
834 2454 1106 2545 χρόνοις
1150 2458 1456 2544 κειμένην
1501 2493 1581 2502 -
1633 2456 1807 2541 quod
1838 2463 2259 2542 praeceptum
2305 2477 2431 2524 non
2464 2464 2563 2525 est

237 2582 359 2628 cur
387 2560 887 2628 Aristoxeneum
934 2581 1079 2628 esse
1115 2581 1423 2644 negemus
1462 2596 1560 2644 —‚
1608 2561 1760 2626 inde
1807 2563 2035 2643 elucet,
2083 2580 2193 2626 cur
2236 2581 2278 2626 a
2322 2565 2565 2626 nostro·

233 2685 385 2730 rum
411 2665 798 2731 musicorum
823 2684 962 2749 usu,
996 2684 1124 2748 quo
1158 2670 1326 2730 totus
1349 2683 1655 2730 numerus
1681 2664 1821 2729 sive
1846 2668 2053 2729 tactus
2077 2682 2238 2729 unus
2262 2665 2565 2746 pluresve

236 2786 374 2832 uno
432 2773 722 2851 tempore
783 2766 1106 2833 interdum
1150 2768 1524 2851 explentur,
1572 2765 1925 2832 abhorrens
1970 2765 2394 2832 Aristoxenus
2436 2766 2566 2831 nisi

233 2870 556 2952 temporis
608 2870 881 2935 alicuius
896 2871 937 2947 ¹)
1003 2869 1324 2935 divisione
1384 2868 1622 2953 pedem
1678 2869 1717 2933 i.
1767 2889 1820 2935 e.
1885 2865 2081 2950 λόγον
2132 2868 2242 2934 vel
2288 2859 2562 2952 ἀλογίαν

235 2972 401 3038 oriri
429 2991 622 3055 posse
652 2973 990 3056 negaverit
1017 2975 1105 3056 (p.
1134 2973 1258 3035 280
1293 2971 1448 3037 Mor.
1483 3000 1569 3022 =
1603 2976 1704 3055 33,
1739 2974 1775 3035 8
1802 2971 1933 3037 W.:
1983 2963 2137 3034 ἄνευ
2171 2968 2564 3055 διαιρέσεως

226 3070 482 3157 χρόνου
528 3069 700 3149 ποὺς
749 3065 822 3137 οὗ
871 3072 1052 3139 δοκεῖ
1094 3076 1494 3157 γίγνεσθαι).
1583 3074 1660 3140 In
1706 3073 1937 3140 eadem
1982 3080 2198 3139 autem
2250 3072 2564 3158 rhythmi-

232 3195 363 3244 cae
408 3176 785 3243 condicione
830 3178 1114 3262 positum
1163 3184 1291 3260 est,
1340 3176 1516 3260 quod
1561 3184 1815 3260 tempus
1862 3174 2192 3259 quoddam
2236 3195 2366 3240 non
2410 3175 2559 3241 sim-

229 3280 501 3364 pliciter
547 3275 747 3364 ῥητὸν
790 3281 899 3346 vel
945 3272 1186 3364 ἄλογον
1232 3278 1422 3363 dicit,
1484 3279 1603 3346 sed
1649 3280 1829 3345 cuius
1874 3278 2182 3361 temporis
2228 3296 2561 3361 compara-

228 3384 417 3448 tione
448 3379 808 3463 definiatur,
855 3382 1040 3448 addit
1067 3402 1131 3465 p.
1164 3383 1320 3445 294:
1368 3375 1406 3444 ὅ
1436 3376 1563 3466 γὰρ
1608 3380 1913 3455 τοιοῦτος
1957 3373 2131 3454 ποὺς
2163 3370 2406 3461 ἄλογον
2435 3377 2557 3460 μὲν

232 3481 378 3560 ἕξει
435 3479 511 3547 τὸ
574 3476 712 3547 ἀνω
771 3480 946 3567 πρὸς
989 3480 1063 3548 τὸ
1112 3481 1292 3547 κάτω
1340 3490 1405 3550 et
1448 3504 1511 3569 p.
1544 3485 1699 3549 298:
1761 3480 1826 3545 οἱ
1885 3479 1958 3545 δὲ
2018 3473 2250 3566 ἄλογοι
2305 3478 2561 3560 (πόδες)

233 3586 648 3671 διαφέρουσι
678 3587 811 3650 τῶν
843 3585 1076 3674 ῥητῶν,
1121 3587 1219 3671 τῷ
1263 3582 1381 3650 τὸν
1429 3579 1566 3649 ἅνω
1593 3581 1833 3671 χρόνον
1879 3580 2054 3667 πρὸς
2096 3581 2215 3649 τὸν
2258 3582 2439 3648 κάτω
2468 3580 2558 3671 μὴ

232 3684 422 3755 εἶναι
467 3685 686 3774 ῥητόν.
777 3688 908 3756 Sed
954 3691 1022 3755 in
1054 3690 1148 3755 eis
1180 3689 1681 3773 comparationis
1727 3689 1866 3754 sive
1898 3688 2332 3773 proportionis
2363 3688 2562 3771 signi·

227 3792 459 3859 ficatio
504 3811 632 3857 non
679 3797 809 3856 tam
853 3793 920 3857 in
951 3792 1218 3858 vocibus
1263 3787 1463 3877 ῥητὰς
1508 3799 1572 3857 et
1619 3783 1857 3874 ἄλογος
1903 3792 2114 3857 inesse
2145 3788 2436 3873 putanda
2465 3796 2563 3855 est

230 3913 437 3977 quam
468 3894 537 3957 in
567 3893 1046 3976 praepositione
1077 3892 1354 3958 adiecta.
1443 3891 1608 3957 Item
1640 3893 1707 3957 in
1735 3893 2102 3958 notionibus
2149 3885 2341 3975 λόγος
2372 3884 2407 3954 ὁ
2440 3891 2559 3955 τοῦ

418 4029 465 4091 1)
500 4024 646 4090 Non,
683 4024 825 4093 quod
861 4023 1022 4080 vertit
1058 4024 1429 4095 WestphaIius
1466 4024 1621 4091 (Ru-⁹·
1654 4041 1708 4095 p.
1753 4029 1885 4092 110),
1921 4024 2180 4095 temporis
2217 4021 2459 4079 universi
2495 4047 2560 4066 ===

228 4113 350 4168 τοῦ
376 4105 615 4184 χρόνου.

2145 4195 2240 4248 15¹⁸
