3177 4960
891 317 975 372 De
1008 317 1419 374 irrationalitate
1453 319 1634 376 studia
1667 321 1987 391 rhythmica.
2474 325 2598 385 275

265 488 500 574 ἐξάγει
548 495 674 571 (τις
721 486 940 574 ἐξάγει
985 489 1325 575 Galenus),
1376 492 1619 560 Phoen.
1665 497 1818 560 403:
1863 487 1942 580 ἤν
1982 494 1992 575 Ι
2030 517 2134 570 τις
2180 494 2463 583 δυστυχῇ
2508 503 2598 578 (τι

266 592 606 678 δυστυχῇς
649 593 715 658 in
760 593 902 660 cod.
950 593 1219 661 Parisin.
1268 593 1535 660 Maximi
1580 595 1891 664 Planudis
1937 601 2294 681 superscr.).

455 696 727 779 Magnus
759 715 914 762 vero
948 715 1165 762 eorum
1200 714 1499 764 versuum
1535 704 1635 765 881
1678 719 1998 783 numerus,
2046 700 2111 765 in
2158 701 2388 784 quibus
2434 704 2595 770 arsis

270 798 612 864 invenitur
640 798 858 865 brevis
889 799 1000 883 ita,
1045 804 1116 864 ut
1144 803 1257 865 aut
1290 799 1550 868 claudat
1580 802 1850 869 verbum
1882 802 2271 885 bisyllabam
2305 805 2596 872 maiusve

267 905 393 966 aut
424 899 580 966 insit
609 900 674 964 in
706 920 1076 967 monosemo
1108 895 1253 967 cum
1282 903 1706 970 antecedente
1740 911 1889 971 arte
1935 924 2182 972 conexo
2229 912 2340 972 aut
2384 907 2596 991 posita

270 1004 365 1069 sit
411 1007 561 1068 ante
607 1003 1143 1087 monosyllabum,
1197 1003 1367 1087 quod
1417 1025 1561 1071 cum
1606 1012 1915 1089 sequente
1959 1007 2161 1074 verbo
2207 1010 2596 1093 coniungen-

269 1104 435 1170 dum
481 1110 596 1171 est.
688 1103 969 1181 Quarum
1015 1106 1359 1172 formarum
1407 1106 1763 1190 specimina
1806 1113 1951 1174 sunt
1995 1105 2185 1176 haec:

592 1207 768 1273 Pers.
803 1209 958 1271 217:
1008 1206 1073 1272 εἴ
1111 1232 1179 1273 τι
1225 1207 1524 1294 φλαῦρον
1557 1206 1579 1291 ΙΙ
1616 1203 1805 1288 εἶδες,
1854 1201 2058 1274 αὐτοῦ

595 1309 770 1376 Pers.
808 1313 961 1375 175:
1011 1301 1303 1392 εὐμενεῖς
1348 1307 1473 1395 γὰρ
1507 1305 1603 1394 ΙΙ”
1563 1333 1751 1387 οντες
1800 1305 1968 1397 ἡμᾶς

596 1411 769 1477 Pers.
809 1415 961 1477 173:
1011 1435 1080 1476 ευ
1126 1405 1276 1477 τόδ’
1330 1411 1488 1478 ι’σθι
1521 1412 1595 1497 ΙΙ,
1640 1415 1758 1501 γῆς
1804 1408 2087 1478 ἄνασσα.

271 1513 472 1581 Adde
498 1511 740 1579 Archil.
774 1514 894 1597 frg.
922 1518 1022 1598 54,
1057 1518 1128 1599 2;
1162 1518 1278 1599 643
1314 1519 1415 1600 70,
1449 1520 1519 1597 33
1554 1519 1656 1600 78,
1692 1520 1749 1582 2.
1802 1517 2009 1584 Anan.
2040 1517 2158 1600 frg.
2186 1517 2593 1600 5‚=8.Anacr.

272 1620 398 1700 frg.
436 1620 538 1699 75,
574 1621 629 1682 6.
711 1615 924 1683 Solon.
971 1618 1090 1701 frg.
1127 1621 1228 1699 35,
1280 1622 1333 1683 1.
1409 1617 1644 1685 Aesch.
1692 1620 1868 1685 Pers.
1917 1622 2061 1684 223.
2095 1622 2238 1683 228.
2273 1621 2415 1684 707.
2452 1623 2594 1685 725.

278 1722 424 1786 739.
454 1723 596 1786 749.
622 1721 742 1802 Ag.
774 1723 957 1784 1655.
989 1724 1169 1785 1657.
1197 1718 1397 1803 soph.
1426 1718 1502 1786 0.
1529 1721 1604 1786 R.
1636 1723 1817 1786 1528.
1845 1719 1919 1788 0.
1947 1721 2015 1787 ο.
2045 1722 2187 1786 887.
2213 1720 2379 1787 Phil.
2410 1726 2593 1789 1403.

272 1822 470 1889 Rhes.
500 1825 644 1887 676.
674 1824 817 1885 677.
845 1823 993 1887 Eur.
1019 1822 1257 1888 Troad.
1285 1826 1429 1886 444.
1457 1820 1564 1888 Or.
1595 1825 1736 1889 739.
1765 1828 1907 1888 741.
1937 1826 2078 1888 742.
2108 1826 2250 1889 782.
2279 1825 2421 1889 784.
2450 1826 2593 1889 787.

277 1928 423 1991 798.
454 1928 639 1991 1506.
670 1929 853 1991 1513.
884 1930 1067 1989 1515.
1101 1926 1281 1988 1536.
1308 1922 1552 1990 Phoen.
1581 1928 1726 1991 588.
1753 1929 1897 1991 610.
1931 1928 2073 1991 612.
2108 1928 2252 1992 618.
2279 1929 2422 1993 619.
2449 1930 2594 1994 625.

276 2031 422 2093 627.
474 2031 616 2092 630.
670 2030 854 2093 1339.
908 2030 1091 2091 1761.
1137 2019 1327 2092 Η’81·8.
1374 2026 1493 2093 fur.
1529 2030 1673 2094 856.
1724 2031 1865 2094 861.
1911 2029 2046 2095 Ion.
2094 2032 2238 2094 520.
2272 2032 2415 2095 531.
2451 2033 2593 2095 541.

277 2135 422 2196 564.
464 2134 646 2195 1255.
685 2132 867 2194 1260.
905 2132 1088 2194 1610.
1128 2133 1310 2194 1614.
1343 2129 1487 2195 Η81.
1525 2134 1709 2197 1626.
1749 2134 1930 2197 1635.
1969 2132 2149 2196 1636.
2187 2134 2370 2196 1637.
2411 2134 2592 2197 1638.

274 2232 518 2301 Bacch.
544 2236 688 2299 609.
721 2234 864 2297 618.
900 2234 1042 2296 625.
1077 2234 1220 2296 629.
1255 2234 1398 2297 639.
1424 2232 1565 2317 Iph.
1602 2234 1792 2299 Taur.
1832 2236 2016 2298 1205.
2053 2236 2235 2299 1233.
2271 2231 2414 2317 Iph.
2448 2234 2591 2299 Aul.

277 2338 423 2402 329.
474 2337 617 2401 331.
667 2336 809 2401 339.
845 2337 988 2399 344.
1024 2337 1166 2399 350.
1202 2336 1343 2398 354.
1380 2337 1522 2399 365.
1559 2338 1702 2400 371.
1738 2338 1880 2400 372.
1917 2337 2057 2400 380.
2093 2337 2235 2400 382.
2272 2337 2413 2400 383.
2449 2338 2592 2401 393.

276 2442 421 2506 399.
453 2440 596 2504 860.
624 2440 766 2503 867.
795 2438 937 2502 872.
967 2438 1109 2502 874.
1136 2439 1280 2502 903.
1320 2437 1501 2502 1338.
1539 2438 1722 2501 1340.
1762 2439 1944 2501 1351.
1982 2438 2164 2502 1361.
2198 2440 2376 2502 1377.
2408 2439 2590 2504 1383.

279 2543 466 2607 1385.
506 2545 663 2607 1391
703 2543 949 2619 (versus
982 2538 1109 2615 cl).

451 2642 689 2710 Contra
733 2643 895 2708 arsis
939 2642 1137 2724 longa
1182 2640 1448 2706 verbum
1496 2638 1769 2705 duarum
1801 2640 2162 2724 pluriumve
2196 2641 2590 2723 syllabarum

274 2745 588 2813 claudens
632 2764 760 2810 non
804 2744 1125 2809 invenitur
1169 2742 1292 2808 nisi
1339 2743 1404 2806 in
1451 2743 1745 2809 versibus
1791 2743 2106 2827 corruptis
2165 2748 2276 2808 aut
2334 2746 2589 2827 spuriis.

271 2849 666 2933 Hipponact.
702 2847 818 2929 frg.
858 2847 967 2910 78:
1014 2847 1435 2929 Μητροτίμῳ
1473 2843 1491 2926 ΙΙ
1527 2828 1723 2931 ὃηῧτέ
1766 2867 1850 2926 με
1875 2841 2018 2930 χρὴ,
2052 2842 2468 2931 Μητρόόημε
2498 2848 2590 2914 10.

274 2950 459 3017 Sicil.
491 2949 684 3033 apud.
716 2949 917 3014 Walz.
949 2947 1136 3014 Rhet.
1169 2968 1261 3030 gr.
1294 2948 1383 3012 VI
1415 2967 1475 3031 p.
1510 2949 1655 3030 240,
1700 2948 1844 3014 fort.
1879 2945 2300 3033 Μητρότιμε.
2392 2949 2594 3017 Rhesi

154 3093 160 3096 >
275 3072 536 3119 versum
582 3053 705 3117 685
764 3071 890 3116 non
950 3056 1124 3116 recte
1179 3069 1221 3115 a
1265 3049 1600 3133 Dindorfio
1657 3050 1966 3124 refectum
2028 3068 2168 3116 8888
2222 3052 2351 3116 iam
2397 3071 2593 3135 supra

276 3154 671 3237 monuimus;
733 3174 794 3218 v.
829 3155 952 3218 687
998 3158 1212 3219 autem
1257 3151 1430 3218 idem
1475 3152 1760 3237 scripsit.
1828 3153 1969 3217 ΟΔ.
2017 3149 2164 3230 ἰ’σχε
2206 3153 2376 3230 πᾶς,
2425 3143 2588 3233 ι’σχ).

276 3261 456 3322 HM.
488 3262 569 3320 B.
604 3279 679 3319 ου
711 3254 831 3338 μὲν
864 3239 997 3320 οὖν.
1040 3256 1181 3320 ΟΔ.
1215 3279 1276 3333 α,
1325 3254 1495 3338 quod
1545 3253 1773 3321 codem
1820 3254 1978 3320 vitio
2023 3253 2294 3335 laborat,
2340 3254 2593 3322 accedit

276 3359 452 3444 quod
511 3358 843 3424 inaudita
840 3364 960 3425 881
1014 3348 1337 3443 ἆντιλαβή
1392 3361 1541 3421 ante
1594 3356 1765 3422 arsin
1811 3359 2138 3438 quartam,
2198 3361 2625 3441 quapropter·

279 3446 387 3541 αᾶ,
438 3461 612 3545 quod
659 3467 756 3527 est
799 3461 865 3525 in
911 3459 1261 3543 codicibus,
1310 3460 1530 3542 utique
1573 3455 1977 3523 retinendum
2024 3474 2166 3522 esse
2213 3476 2465 3525 censeo.
2508 3492 2591 3505 -—

277 3564 419 3648 Iph.
455 3563 601 3628 Aul.
641 3564 836 3627 1431:
889 3566 958 3627 τί
1005 3559 1077 3626 δὲ
1124 3558 1201 3626 σὺ
1250 3558 1534 3646 φεύγεις,
1570 3557 1593 3639 ΙΙ
1625 3561 1887 3638 τέκνον,·
1933 3561 2059 3621 Im.
2151 3550 2365 3644 ἄνδρα
2408 3551 2585 3625 τόνδ’

279 3664 449 3731 ἰδεῖν
476 3663 873 3747 αἰσχύνομαι
904 3665 1163 3749 scripsit
1192 3660 1583 3740 Dindorfius,
1623 3653 1933 3741 Ἀχιλλέα
1969 3680 2087 3743 pro
2121 3652 2334 3745 ἄνδρα
2366 3663 2588 3747 codd.;

280 3769 482 3836 verba
525 3769 717 3835 facile
764 3766 1195 3851 expediuntur
1239 3764 1463 3831 ordine
1508 3770 1780 3831 mutato:
1835 3767 1904 3828 τί
1949 3761 2041 3843 δὲ,
2091 3765 2337 3844 τέκνον,
2379 3768 2388 3844 Ι
2430 3763 2591 3852 φεύ-

277 3893 449 3954 γεις,·
496 3874 621 3934 lm.
667 3866 783 3933 τὸν
842 3862 1053 3951 ἄνδρα
1109 3860 1290 3932 τόνδ’
1355 3865 1489 3930 κτλ.
1537 3901 1620 3910 —-
1664 3867 1890 3935 Restat
1939 3887 2002 3932 v.
2037 3864 2144 3933 Or.
2181 3868 2336 3932 804:
2396 3860 2582 3933 τοῦτ’

280 3970 518 4038 ἐκεῖνο·
553 3970 576 4055 ΙΙ
607 3963 858 4036 mdo&
913 3968 1236 4054 ἑταίρους.
1326 3971 1519 4036 Dicat
1564 3970 1885 4053 quispiam
1931 3969 2055 4036 hac
2107 3969 2251 4054 ipsa
2296 3970 2589 4052 syllabae

281 4077 600 4160 positione
643 4076 877 4157 longae
910 4074 1127 4157 specie
1156 4074 1380 4157 procul
1418 4074 1624 4139 arceri
1657 4071 2087 4140 distinctionis
2119 4090 2384 4153 moram,
2432 4092 2587 4156 quo-
