3177 4960
899 344 984 399 De
1019 345 1434 400 irrationalitate
1468 345 1649 400 studia
1682 345 2004 415 rhythmica.
2488 344 2608 404 187

286 520 652 604 portionem
683 518 1102 603 intercedere,
1142 519 1439 585 docuisse
1470 519 1926 597 Aristoxenum
1958 539 2086 584 non
2118 519 2342 600 cred03
2388 518 2609 603 rhyth-

287 625 526 689 micam
586 622 757 687 enim
806 640 952 688 esse
1011 621 1369 686 doctrinam
1426 621 1507 686 de
1553 621 1981 705 temporibuS,
2039 642 2167 688 non
2212 621 2296 687 de
2340 622 2610 706 syllabis

284 725 566 792 affirmat
594 725 701 801 (el.
734 723 831 788 rh.
865 744 929 806 p.
965 725 1087 787 268
1119 724 1276 789 Mor.
1308 754 1392 772 ==
1425 726 1526 807 28,
1573 725 1611 787 9
1645 724 1778 808 W.;
1823 725 1943 806 frg.
1977 724 2249 790 Parisin.
2281 727 2318 801 ξ
2350 729 2418 790 3:
2466 718 2500 789 ὁ
2537 723 2609 789 δὲ

287 819 493 903 αῧτὸς
539 822 803 912 ῥυθμὸς
842 818 995 889 οὔτε
1026 826 1185 908 περὶ
1227 823 1637 908 γραμμάτων
1669 819 1821 889 οὔτε
1852 826 2011 908 περὶ
2059 826 2407 910 συλλαβῶν
2452 850 2610 892 ποι-

285 943 464 995 εῖται
493 925 612 992 τὸν
645 925 860 1011 λόγον,
909 918 1080 991 ἀλλὰ
1112 928 1273 1012 περὶ
1307 929 1438 992 τῶν
1479 924 1767 1015 χρόνων,·
1811 929 2081 1012 Longin.
2114 950 2176 1012 p.
2211 931 2312 1012 92,
2353 932 2434 993 24
2466 929 2610 1007 W.).

285 1032 624 1098 Invehitur
654 1037 870 1096 autem
917 1032 1054 1097 illic
1082 1032 1362 1098 musicus
1409 1033 1475 1096 in
1520 1030 1849 1098 technicos
1879 1038 2093 1099 aetate
2139 1031 2612 1112 antecedenteS,

286 1136 400 1219 qui
434 1155 475 1200 a
498 1134 716 1199 Psello
749 1133 1049 1199 dicuntur
1080 1131 1145 1196 οἱ
1177 1132 1462 1198 παλαιοὶ
1495 1132 1836 1219 ῥυθμικοὶ,
1869 1135 1952 1200 ab
1976 1135 2365 1200 Aristoxeno
2395 1140 2611 1199 autem

286 1258 401 1304 eos
433 1237 573 1304 sive
595 1231 752 1311 τοὺς
783 1231 917 1317 πρὸ
950 1229 1139 1317 ἡμῶν
1171 1237 1273 1315 (cf.
1308 1238 1388 1303 el.
1425 1236 1626 1302 harm.
1656 1256 1717 1320 p.
1753 1240 1854 1320 52,
1886 1241 1982 1302 15.
2017 1240 2129 1319 203
2163 1239 2264 1319 64,
2297 1240 2379 1300 24
2408 1236 2610 1320 qu.)

284 1343 430 1406 sive
474 1335 631 1414 τοὺς
677 1336 1071 1424 ἔμπροσθεν
1117 1340 1221 1417 (el.
1269 1338 1472 1405 harm.
1519 1361 1581 1423 p.
1617 1343 1689 1421 2,
1742 1344 1855 1418 153
1915 1343 2017 1422 46,
2063 1343 2169 1416 23)
2214 1340 2428 1419 dictos,
2470 1359 2611 1407 esse

284 1442 600 1525 suspicor.
692 1439 868 1518 Quos
907 1461 1052 1506 cum
1095 1460 1350 1524 agogen
1396 1443 1730 1524 ignorasse
1776 1462 1904 1508 non
1949 1442 2304 1508 verisimile
2350 1447 2522 1509 esset
2546 1444 2609 1524 1),
2647 1488 2651 1493 -

283 1546 518 1627 longas
562 1545 727 1608 inter
758 1563 828 1610 se
874 1545 1127 1625 iniquas
1170 1543 1310 1610 fieri
1354 1564 1471 1628 per
1503 1552 1812 1609 mutatam
1841 1565 2095 1628 agogen
2126 1552 2300 1611 certe
2330 1565 2457 1612 non
2499 1564 2610 1610 ne-

285 1646 549 1730 gabant,
596 1646 713 1712 sed
759 1647 1097 1729 longarum
1126 1666 1204 1712 ac
1250 1647 1541 1712 brevium
1588 1648 1799 1729 spatia
1844 1666 1970 1712 non
2014 1667 2130 1730 per
2175 1667 2244 1713 se
2291 1666 2433 1712 esse
2463 1667 2609 1713 con·

286 1750 526 1815 stantia
557 1750 698 1816 sive
727 1749 1022 1816 absolute
1054 1748 1339 1832 definita,
1373 1768 1595 1814 verum
1628 1750 1721 1816 ita
1750 1749 2006 1815 demum
2038 1750 2162 1816 sibi
2194 1756 2485 1836 constare
2516 1750 2611 1814 di·
2683 1754 2688 1760 '

289 1853 540 1934 cebant,
586 1857 657 1917 ut
687 1851 916 1918 eadem
948 1871 1203 1935 semper
1233 1853 1647 1935 proportione
1680 1854 2152 1918 continerentur
2182 1853 2287 1918 vel
2319 1853 2611 1935 relative,

286 1961 360 2020 ut
383 1954 475 2020 ita
497 1955 731 2036 dicam,
758 1953 1024 2021 definita
1049 1974 1191 2020 esse
1215 1955 1540 2020 volebant.
1585 1955 1815 2039 Itaque
1845 1955 2130 2038 brevem,
2164 1975 2357 2039 quam
2386 1955 2610 2037 utique

288 2077 548 2140 semper
579 2078 1017 2124 monosemam
1050 2076 1193 2125 esse
1223 2057 1503 2140 aiebant,
1538 2059 1821 2123 omnium
1853 2064 2212 2142 temporum
2245 2077 2608 2124 mensuram

288 2165 663 2226 statuerunt.
711 2161 1071 2243 Praecepta
1093 2161 1288 2242 igitur
1321 2167 1383 2227 et
1414 2160 1588 2244 quod
1620 2162 1788 2227 inest
1819 2162 1884 2225 in
1910 2161 2124 2227 verbis
2150 2157 2347 2246 λόγον
2377 2162 2610 2242 μέντοι

285 2259 407 2326 τὸν
458 2253 659 2327 αὐτὸν
692 2253 797 2327 ἀεὶ
829 2263 961 2326 τῶν
1006 2263 1315 2346 μεγεθῶν
1349 2268 1414 2328 et
1443 2263 1533 2345 id,
1582 2284 1710 2345 quo
1741 2264 1958 2330 brevis
2006 2266 2290 2330 omnium
2336 2264 2609 2329 aliarum

287 2366 690 2450 syllabarum
719 2385 1020 2432 mensura
1050 2365 1474 2450 constituitur,
1520 2366 1607 2431 ad
1639 2366 1914 2432 eandem
1957 2367 2272 2461 rationem
2317 2366 2607 2450 redeunt,

289 2469 593 2535 nimirum
641 2488 804 2552 eam,
853 2490 981 2551 qua
1024 2468 1365 2535 utebantur
1409 2469 1680 2535 metrici.
1769 2467 2194 2535 Aristoxenus
2241 2490 2415 2551 vero,
2463 2489 2608 2536 cum

288 2573 557 2638 brevem
588 2590 669 2636 ne
698 2572 971 2637 relative
1005 2571 1267 2653 quidem
1300 2572 1487 2637 unius
1518 2571 1741 2655 utique
1774 2573 1968 2656 spatii
2001 2591 2145 2638 esse
2177 2572 2608 2654 cognovisset,

288 2675 550 2740 illorum
594 2674 949 2740 rationibus
994 2674 1266 2740 abiectis
1311 2692 1673 2739 mensuram
1730 2675 1947 2757 posuit
2003 2679 2254 2758 tempus
2309 2675 2606 2757 primum,

290 2796 567 2860 quocum
613 2776 916 2843 convenit
959 2796 1087 2842 non
1145 2777 1361 2842 brevis
1407 2777 1751 2843 cuiuslibet
1795 2778 2108 2860 spatium,
2167 2777 2362 2842 immo
2410 2777 2609 2843 solius

288 2880 508 2945 brevis
561 2878 912 2945 rationalis.
1004 2877 1252 2956 Quodsi
1298 2879 1586 2962 syllabas
1644 2880 1909 2946 brevem
1954 2886 2019 2946 et
2075 2880 2332 2963 longam
2379 2878 2610 2948 eadem

288 3000 549 3064 semper
600 2981 1015 3064 proportione
1060 2981 1152 3045 uti
1200 2982 1541 3059 voluisset,
1603 3002 1730 3047 non
1778 2983 2035 3049 omnino
2081 2981 2439 3058 habuisset,
2499 3002 2611 3047 cur

291 3090 548 3167 tempus
576 3083 850 3166 primum
883 3084 950 3147 in
981 3083 1337 3149 doctrinam
1368 3103 1550 3149 suam
1590 3083 2042 3150 introduceret.
2132 3083 2267 3150 Sed
2296 3083 2610 3167 fingamus

289 3187 749 3252 Aristoxenum
780 3186 866 3251 ad
897 3186 1412 3252 adversariorum
1443 3188 1738 3253 notiones
1769 3186 2203 3268 descendisse,
2251 3192 2382 3251 tum
2413 3187 2608 3269 sylla·

287 3288 442 3353 bam
470 3307 634 3369 eam,
660 3307 851 3370 quam
874 3289 970 3353 illi
994 3288 1414 3372 appellabant
1434 3289 1720 3374 brevem,
1745 3291 2120 3372 plerumque
2146 3308 2606 3373 monosemum,

288 3391 556 3473 longam
614 3395 828 3455 autem
886 3391 1265 3474 plerumque
1327 3390 1644 3457 disemum
1690 3392 1971 3475 spatium
2018 3391 2307 3456 obtinere
2353 3397 2418 3457 et
2473 3396 2608 3457 tum

291 3511 404 3558 eas
439 3493 505 3557 in
539 3492 832 3558 omnibus
864 3493 1321 3561 mutationibus
1359 3513 1476 3577 per
1506 3513 1762 3576 agogen
1807 3494 1993 3558 factis
2024 3492 2292 3559 eandem
2344 3494 2510 3560 inter
2539 3514 2609 3560 se

290 3595 611 3660 rationem
641 3613 902 3661 servare
932 3595 1414 3662 concedendum
1447 3598 1508 3662 ei
1540 3603 1697 3679 erat,
1744 3602 1812 3661 at
1855 3615 2110 3680 semper
2155 3615 2416 3663 servare
2463 3616 2608 3680 pro·

288 3696 464 3763 fecto
511 3696 795 3779 negavit.
884 3697 1255 3764 Aristoxeni
1303 3699 1509 3779 enim,
1565 3699 1893 3782 scriptoris
1939 3699 2005 3764 in
2049 3700 2414 3782 praeceptis
2461 3719 2608 3766 con·

471 3868 520 3930 1)
557 3863 697 3919 Nam
732 3878 937 3931 agogen
962 3865 1070 3919 iam
1095 3870 1220 3919 ante
1242 3865 1628 3919 Aristoxenum
1664 3871 2002 3936 perspectam
2027 3882 2092 3921 ac
2116 3867 2275 3935 vulgo
2311 3865 2610 3921 adhibitam

288 3963 411 4003 esse
448 3953 689 4017 constat3
728 3948 797 4003 cf.
835 3949 1081 4004 Platonis
1116 3948 1402 4020 Rempubl.
1440 3951 1524 4005 III
1558 3968 1614 4020 p.
1641 3957 1741 4005 400
1763 3952 1831 4007 C:
1870 3946 2094 4025 ἀγωγαὶ
2129 3957 2235 4010 τοῦ
2270 3946 2468 4019 ποδὸς,
2502 3952 2606 4006 vid.

290 4034 526 4099 Caesar,
565 4034 792 4103 Grdzge.
830 4052 884 4103 p.
915 4039 1044 4102 2413
1091 4035 1316 4091 Aristot.
1354 4038 1530 4105 probl.
1567 4037 1700 4091 XIX
1736 4042 1827 4100 223
1871 4038 2150 4108 AriStoph.
2189 4039 2404 4094 Thesm.
2446 4041 2606 4093 1186:

291 4117 452 4177 αὔλει
489 4114 560 4176 σὺ
593 4122 850 4189 θᾶττον,·
883 4121 1021 4176 Xen.
1061 4121 1277 4178 Conviv.
1317 4126 1363 4189 2,
1392 4127 1482 4177 22:
1522 4121 1786 4181 θάττονα
1823 4120 2050 4196 ῥυθμὸν
2085 4122 2334 4197 ἐπάγειν.
