3177 4960
837 361 921 416 De
954 361 1367 419 irrationalitate
1400 362 1581 419 studia
1615 364 1936 435 rhythmica.
2419 369 2539 430 321

225 533 497 601 stituere
530 540 794 602 conatus
837 541 937 601 est
965 533 1306 602 Matthiae:
1354 534 1536 619 ῥανιῦ
1564 560 1639 601 τε
1683 529 1927 604 πεὸόσ3
1981 535 2373 625 ἐγκέφαλον·
2419 533 2544 624 ὀμ-

221 627 461 717 μα’των
507 627 570 699 δ’
619 628 793 720 ἅπο;
840 634 1083 723 ῥάνατε
1130 632 1194 701 δ’
1231 634 1593 724 ἐγκέφαλον
1623 640 1765 708 cod.
1797 640 2113 725 Venetus3
2158 643 2331 710 fort:
2382 637 2545 730 κᾶγ-

222 738 524 824 κέφαλον
577 735 827 823 ἐκρανιῦ
886 736 1037 805 σόν·
1096 730 1415 821 ὀμμάτων
1474 733 1538 805 δ’
1594 735 1753 822 ἄπο,
1813 746 1893 811 cf.
1941 744 2118 828 Cycl.
2153 748 2308 811 402:
2368 743 2544 831 ἐγκέ-

227 840 454 928 φαλον
500 837 823 927 ἓξέρῤανε.
914 842 1180 909 Restant
1223 848 1465 910 tamen:

404 942 513 1010 Or.
546 948 704 1009 444:
748 940 961 1029 κύκλῳ
984 940 1111 1029 γὰρ
1136 943 1581 1027 εἱλισσόμεθα
1610 944 2022 1032 παγχάλκοις
2067 938 2329 1026 ὅπλοις.

402 1046 642 1114 Bacch.
684 1049 877 1112 1342:
925 1039 1200 1131 ἔγνωθ’,
1256 1038 1360 1113 ὅτ’
1424 1044 1524 1126 (ὃν
1582 1049 1839 1129 Nauck)
1899 1041 2014 1115 οὐκ
2057 1048 2370 1135 ήθέλετε,
2428 1050 2544 1119 τὸν

922 1146 1093 1226 Διὸς
1135 1151 1351 1234 γόνον.

400 1250 544 1335 Iph.
576 1253 721 1318 Aul.
757 1254 912 1318 846:
960 1244 1167 1339 ἄμφω
1211 1250 1338 1338 γὰρ
1384 1251 1823 1337 ἑψευδόμεθα
1865 1265 2010 1331 τοῖς
2056 1253 2278 1341 λόγοις
2321 1255 2508 1335 ἰ’σως.

227 1360 294 1420 et
341 1374 487 1421 cum
534 1353 735 1421 thesis
780 1355 1221 1423 antecedentis
1268 1357 1617 1424 solutione:

401 1455 640 1523 Bacch.
674 1458 833 1522 278:
879 1452 954 1533 ὂς
1014 1448 1078 1520 δ’
1141 1439 1352 1542 ἦλθεν
1398 1455 1514 1522 ἐπὶ
1559 1450 1973 1523 τᾶντίπαλον
2018 1453 2053 1523 ό
2101 1460 2393 1547 Σεμέλης
2436 1460 2542 1546 γό-

876 1580 1006 1638 νος,
1053 1552 1088 1623 ό
1138 1555 1204 1622 δ’
1251 1554 1494 1646 ἡδονὴν
1540 1553 1912 1626 ἀντίπαλον
1958 1560 2370 1629 Badhamius.

402 1658 602 1743 Atqui
645 1661 917 1744 fabulas,
964 1662 1032 1726 in
1077 1663 1308 1745 quibus
1354 1683 1434 1729 ea
1462 1664 1891 1745 inveniuntur,
1938 1663 2182 1730 ultimis
2214 1665 2388 1732 vitae
2431 1685 2541 1732 an-

226 1762 326 1829 nis
385 1766 469 1837 (a.
518 1760 667 1828 Chr.
716 1766 1079 1843 409-407)
1140 1766 1576 1848 composuisse
1634 1764 2011 1849 Euripidem
2066 1766 2368 1834 traditum
2426 1775 2541 1835 est.

228 1863 416 1942 Quae
461 1884 607 1931 cum
654 1866 744 1931 ita
788 1866 933 1950 sint,
979 1867 1046 1933 in
1091 1867 1383 1935 versibus
1423 1873 1722 1951 quattuor
1752 1867 1884 1935 illis
1927 1868 2092 1935 arsis
2137 1870 2365 1935 tertiae
2395 1890 2541 1954 pro-

229 1965 600 2034 ductionem
647 1968 812 2034 alius
859 1969 1166 2054 temporis
1213 1970 1619 2054 correptione
1662 1989 1791 2035 non
1848 1970 2282 2053 compensari,
2342 1971 2459 2038 sed
2503 1992 2545 2038 a

228 2074 427 2153 poeta
490 2075 748 2152 praeter
804 2069 1089 2154 rhythmi
1151 2071 1366 2155 legem
1421 2091 1539 2156 pro
1605 2072 1790 2139 brevi
1855 2072 2117 2155 longam
2183 2072 2543 2141 adhibitam

228 2190 371 2239 esse
418 2170 579 2237 mihi
624 2191 1002 2256 persuasum
1046 2179 1176 2258 est,
1245 2181 1577 2258 metraque
1621 2174 2052 2242 adscribenda
2098 2181 2281 2241 erunt
2326 2167 2540 2257 ἇπεμ·

229 2277 607 2359 φαίνουσιν.

401 2375 564 2443 Sunt
607 2383 824 2444 autem
868 2378 1063 2444 etiam
1109 2379 1176 2444 in
1207 2378 1526 2462 prioribus
1559 2378 1796 2444 fabulis
1827 2377 2196 2461 Euripideis
2226 2378 2357 2445 loci
2387 2399 2544 2446 non-

226 2482 425 2566 nulli,
484 2480 595 2565 qui
612 2529 629 2564 ,
675 2480 732 2547 si
776 2480 978 2548 verba
1019 2488 1158 2548 arte
1203 2479 1618 2549 cohaerentia
1659 2500 1789 2547 non
1833 2478 2060 2546 divelli
2106 2500 2373 2548 caesura
2416 2487 2541 2548 sta-

228 2585 483 2669 tuimus,
528 2604 658 2650 non
701 2582 982 2651 habeant
1026 2584 1570 2667 semiquinariam,
1616 2588 1832 2649 tamen
1877 2581 2138 2666 dactylo
2184 2588 2440 2650 utantur
2475 2584 2540 2648 in

223 2687 397 2772 pede
441 2687 660 2753 tertio:

463 2790 603 2857 Alc.
637 2791 792 2855 611:
839 2788 951 2853 καὶ
994 2785 1125 2872 μὴν
1170 2781 1309 2871 ὃριῖ
1354 2783 1475 2852 σὸν
1521 2790 1784 2870 πατέρα
1828 2788 2086 2873 γηραιῷ
2131 2783 2298 2850 ποδί

228 2892 519 2976 locisque
580 2892 926 2959 similibus:
985 2891 1155 2959 Med.
1192 2892 1335 2956 578.
1366 2891 1564 2976 Hipp.
1601 2893 1786 2956 1167.
1818 2888 2018 2957 Andr.
2052 2893 2196 2956 334.
2228 2890 2363 2957 Ion.
2397 2891 2540 2955 618.

228 2997 325 3062 El.
365 2996 550 3061 1086.
606 2994 713 3062 Or.
746 2996 892 3061 632.
930 2996 1113 3059 1578.
1159 2995 1342 3059 1609.
1374 2991 1516 3077 Iph.
1547 2992 1697 3059 Aul.
1730 2994 1875 3058 950.
1909 2995 2053 3057 972.
2087 2992 2266 3075 Cycl.
2297 2993 2419 3059 583
2479 2998 2543 3059 et

230 3098 421 3166 Herc.
453 3098 570 3164 fur.
603 3101 719 3164 95:
762 3093 1019 3181 γένοιτό
1066 3083 1209 3170 miv,
1256 3078 1310 3159 ὦ
1355 3093 1671 3180 θύγατερ,
1720 3087 1943 3179 οὔριος
1989 3092 2254 3178 δρόμος.
2342 3093 2430 3159 At
2473 3095 2537 3159 in

231 3202 321 3268 eis
367 3201 579 3284 magis
637 3200 857 3266 valere
914 3199 1374 3283 semiquinaria
1430 3218 1624 3282 quam
1682 3197 2198 3279 simiseptenaria
2253 3193 2543 3278 putanda

231 3309 357 3388 est,
420 3304 513 3370 ita
556 3308 627 3368 ut
670 3308 943 3368 metrum
988 3300 1310 3367 incidatur
1362 3306 1509 3385 post
1552 3318 1905 3386 pronomen
1948 3297 2387 3381 possessivum
2433 3297 2542 3363 vel

229 3405 762 3473 interiectionem.
853 3402 1137 3470 Caesura
1181 3402 1352 3470 enim
1396 3400 1857 3484 semiquinaria
1907 3399 2036 3464 iam
2082 3398 2163 3464 ab
2212 3397 2540 3481 Aeschylo

228 3509 317 3576 ita
360 3506 724 3590 adhibetur,
771 3513 841 3572 ut
885 3508 1182 3588 seiungat
1223 3505 1562 3571 articulum
1609 3523 1650 3568 a
1684 3502 1942 3570 nomine
1986 3520 2133 3567 suo:

397 3610 610 3676 Prom.
661 3611 809 3674 589:
869 3609 1017 3684 πῶς
1076 3598 1139 3670 δ’
1201 3597 1277 3672 οὗ
1337 3603 1509 3670 κλύω
1565 3606 1686 3689 τῆς
1725 3602 1734 3688 Ι
1774 3599 2277 3695 οἰστροδινήτου
2321 3598 2538 3687 κόρης,

228 3715 436 3782 Prom.
483 3715 624 3779 797.
674 3713 817 3777 856.
865 3710 965 3777 Ai.
1003 3710 1187 3775 1228.
1237 3711 1420 3775 1289.
1470 3708 1566 3773 ΕΙ.
1600 3708 1741 3772 282.
1787 3710 1929 3772 407.
1976 3707 2124 3772 Ant.
2157 3707 2259 3770 95.
2305 3703 2539 3771 Trach.

231 3821 371 3883 725.
416 3816 558 3882 Alc.
607 3817 750 3881 322.
797 3813 994 3899 Hipp.
1041 3816 1186 3878 413.
1245 3811 1481 3879 Troad.
1533 3813 1677 3876 624.
1730 3812 1913 3876 1169.
1974 3809 2201 3893 Suppl.
2256 3810 2393 3871 177.
2441 3806 2539 3870 ΕΙ.

231 3921 370 3987 385.
404 3918 584 4004 Cycl.
620 3919 761 3982 182.
806 3916 956 3982 Eur.
989 3917 1107 3998 frg.
1148 3920 1328 3999 134.;
1373 3915 1598 3998 rariuS,
1645 3914 1700 3980 si
1731 3912 2037 3981 articulus
2081 3910 2236 3977 facit
2279 3908 2541 3975 brevem

228 4022 581 4106 syllabam:
639 4021 785 4085 Ant.
822 4022 978 4083 503:
1035 4024 1353 4098 κατέσχον
1411 4004 1453 4100 ἢ
1509 4012 1628 4081 τὸν
1668 4013 1678 4097 Ι
1720 4007 2136 4099 αὐτάδελφον
2196 4007 2264 4076 ἐν
2321 4006 2538 4095 τάφῳ,

229 4124 406 4209 Cycl.
441 4124 587 4188 213.
618 4122 768 4188 Eur.
801 4122 921 4204 frg.
955 4124 1102 4203 494,
1137 4124 1228 4203 3.;
1273 4118 1617 4187 intercedit
1645 4124 1861 4184 autem
1891 4110 2350 4198 semiquinaria
2383 4111 2537 4176 item
