3177 4960
868 341 952 396 De
985 339 1404 398 irrationalitate
1439 340 1623 397 studIa
1655 339 1974 411 rhythmica.
2459 339 2578 399 197

256 516 530 584 merus?
602 536 685 581 an
730 516 963 599 quibus
1008 516 1171 582 locis
1215 513 1416 598 pedes
1463 514 1843 579 dirimuntur
1895 534 1936 579 a
1979 514 2301 581 metricis?
2389 515 2476 580 At
2519 515 2584 580 in

258 618 500 686 mediis
556 619 846 702 syzygiis
903 624 969 683 et
1024 617 1299 701 pedibus
1368 618 1798 700 (antispastis,
1865 616 2094 682 ionicis
2146 637 2188 682 a
2230 617 2472 684 maiore
2518 618 2587 683 in

260 720 552 790 Sotadeis
570 770 586 803 ,
633 721 922 802 creticis,
981 720 1154 799 aliis)
1197 719 1517 785 invenitur
1572 719 2049 785 irrationalitas.
2065 720 2107 795 ¹)
2196 718 2312 785 Sin
2368 725 2583 785 autem

259 830 626 891 nostrorum
672 824 1061 890 musicorum
1105 841 1284 888 more
1328 820 1618 905 rhythmi
1664 822 2061 905 dirimentur,
2107 841 2304 906 saepe
2350 822 2417 886 in
2454 842 2585 888 me-

262 926 395 993 diis
440 925 717 992 tactibus
769 926 1025 992 inerunt
1067 931 1362 1008 tempora
1406 925 1807 990 irrationalia
1822 974 1839 1008 ,
1895 925 2076 991 velut
2119 925 2187 989 in
2231 925 2446 991 ionico
2490 924 2586 990 di-

262 1035 473 1095 metro
532 1029 952 1094 anaclomeno
1017 1029 1460 1110 (ψι-’ὂ-υΙ-α).
1561 1026 1778 1093 Pausa
1832 1032 2045 1092 autem
2103 1047 2403 1094 numeros
2460 1012 2588 1094 non

265 1131 516 1197 dirimit
560 1131 683 1197 nisi
730 1131 840 1213 qui
898 1149 1123 1196 versus
1182 1129 1466 1212 scandit,
1526 1129 1699 1213 quod
1757 1134 1854 1195 est
1909 1129 2342 1214 ludimagistri
2402 1137 2468 1197 et
2511 1131 2588 1195 ti-

260 1233 460 1316 ronis,
506 1252 634 1299 non
677 1239 912 1317 poetae
955 1233 1063 1299 vel
1107 1232 1454 1300 histrionis.

440 1336 689 1401 Tamen
720 1336 786 1399 in
812 1334 1165 1401 Hermanni
1197 1336 1583 1402 sententiam
1629 1342 1871 1402 temere
1904 1356 2156 1404 cessere
2189 1357 2432 1420 omnes,
2480 1340 2591 1421 qui

265 1438 485 1505 adhuc
535 1436 967 1521 rhythmicam
1014 1443 1413 1521 tractavere;
1474 1438 1797 1521 imprimis
1845 1456 1987 1503 eam
2046 1438 2341 1505 defendit
2380 1440 2588 1507 West-

267 1540 531 1624 phalius
562 1540 729 1619 (Rh.¹
761 1562 822 1625 p.
856 1544 1007 1623 1203
1041 1540 1190 1624 Frg.
1217 1560 1277 1606 u.
1305 1539 1560 1607 Lehrss.
1594 1561 1657 1624 p.
1692 1543 1852 1624 2263
1886 1540 2029 1606 Rh.³
2060 1561 2123 1624 p.
2154 1545 2317 1620 133).
2380 1542 2591 1609 Nemo

267 1648 489 1709 autem
535 1663 755 1709 eorum
801 1644 1124 1709 intellexit
1169 1641 1293 1709 hac
1322 1644 1572 1709 ratione
1619 1643 1826 1709 everti
1864 1663 2271 1709 numerorum
2302 1646 2589 1727 aequali·

267 1746 424 1811 tatis
468 1745 698 1828 legem,
746 1765 938 1828 quam
982 1745 1411 1829 principalem
1457 1745 1666 1811 omnis
1696 1744 2102 1828 rhythmicae
2150 1752 2213 1811 et
2244 1746 2483 1813 veteris
2528 1753 2595 1813 et

271 1846 630 1914 hodiernae
677 1868 820 1915 esse
866 1853 1171 1931 statuunt,
1219 1852 1442 1931 utpote
1489 1849 1594 1913 cui
1630 1847 2039 1931 indulgentes
2086 1848 2411 1931 dactylum
2444 1870 2591 1932 cyc-

270 1951 433 2015 lium
491 1951 966 2017 introduxerint
1022 1952 1282 2033 aliaque
1337 1949 1742 2016 novaverint.
1845 1950 2014 2015 Nam
2071 1950 2273 2035 pede,
2332 1952 2443 2034 qui
2498 1958 2596 2018 est

273 2052 548 2119 dimidio
595 2054 905 2136 temporis
950 2054 1143 2137 primi
1173 2053 1443 2134 auctior,
1489 2072 1621 2119 non
1649 2053 1862 2119 minus
1893 2053 2265 2136 inquinatur
2298 2074 2596 2121 numerus

272 2156 598 2239 trisemus,
646 2175 839 2239 quam
871 2156 928 2222 si
957 2162 1343 2223 tetrasemus
1374 2174 1490 2238 pes
1523 2156 1585 2221 ei
1606 2156 2063 2221 immisceatur.
2151 2156 2595 2240 Westphalius

271 2264 526 2343 autem,
587 2278 729 2325 cum
791 2258 1206 2342 heptasemos
1264 2259 1468 2341 pedes
1527 2259 1596 2323 in
1649 2257 1933 2341 strophis
1992 2259 2596 2345 dactyloepitriticis

271 2363 492 2428 inesse
550 2362 688 2427 iure
747 2367 1082 2444 negasset,
1151 2363 1453 2444 quoniam
1513 2360 1718 2445 pedes
1777 2360 2139 2445 heptasemi
2194 2362 2499 2429 abessent
2556 2383 2598 2428 a

272 2462 781 2549 rhythmopoeia
810 2464 1133 2547 continua,
1180 2469 1396 2530 tamen
1427 2462 1663 2549 pedem
1710 2483 1794 2530 ex
1825 2483 1943 2530 sex
1989 2464 2183 2531 moris
2230 2469 2294 2530 et
2323 2463 2599 2530 dimidia

276 2571 674 2633 constantem
705 2568 773 2632 in
801 2565 1302 2650 rhythmopoeia
1342 2567 1644 2633 continua
1672 2567 1885 2632 locum
1924 2565 2165 2632 habere
2210 2567 2405 2633 tacite
2450 2587 2595 2633 con-

274 2670 492 2736 cessit.
594 2670 682 2734 At
724 2668 791 2734 id
839 2688 1094 2752 quoque
1154 2669 1343 2753 pedis
1389 2669 1669 2752 spatium
1725 2670 1809 2734 ab
1854 2667 2244 2735 Aristoxeno
2289 2668 2441 2734 inde
2489 2688 2597 2734 ex-

277 2774 527 2838 clusum
576 2790 718 2838 esse
762 2777 1028 2838 constat.

452 2873 825 2940 Boeckhius
856 2879 1073 2940 autem
1119 2875 1187 2939 in
1219 2894 1297 2941 eo
1344 2879 1593 2940 tantum
1625 2893 1876 2941 errasse
1912 2873 2073 2940 mihi
2105 2874 2381 2958 videtur,
2426 2873 2601 2958 quod

277 2978 345 3043 in
380 2976 551 3043 thesi
582 2976 871 3043 eiusdem
914 2977 1118 3061 ipsius
1149 2977 1357 3061 pedis,
1405 2977 1585 3043 cuius
1617 2977 1781 3044 arsis
1827 2983 1925 3043 est
1954 2978 2362 3061 irrationalis,
2408 2978 2601 3043 corri-

277 3078 528 3164 pienda
570 3080 915 3162 acquievit.
1005 3078 1174 3144 Nam
1221 3080 1524 3162 quoniam
1556 3085 1808 3146 constat
1852 3080 2104 3145 iambos
2134 3078 2604 3161 trochaeosque

279 3183 567 3248 maxime
612 3202 756 3248 cum
803 3182 1282 3249 irrationalibus
1339 3183 1432 3247 uti
1478 3189 1747 3266 possunt
1802 3182 2086 3265 arsibus,
2149 3202 2275 3248 non
2332 3181 2603 3264 singulis

459 3352 508 3415 1)
544 3348 758 3404 Girculo
795 3349 988 3404 vitioso
1024 3363 1217 3403 rursus
1253 3364 1319 3402 ex
1355 3348 1575 3404 sedibus
1621 3347 2054 3412 irrationalibus,
2102 3361 2242 3416 quae
2276 3346 2451 3402 oculis
2486 3347 2603 3402 obi-

280 3435 584 3501 ciebantur,
619 3433 758 3489 fines
793 3434 1006 3489 numeri
1043 3434 1535 3500 constituebantur,
1572 3434 1723 3488 velut
1742 3433 1800 3487 in
1823 3433 2008 3487 metris
2042 3432 2316 3502 glyconeis
2342 3438 2397 3486 et
2431 3432 2604 3488 ascle-

278 3519 492 3589 piadeis
527 3519 769 3575 incidere
805 3522 983 3576 solent
1018 3525 1145 3591 post
1180 3518 1407 3574 alteram
1445 3519 1723 3590 syllabam,
1760 3534 1882 3572 cum
1916 3518 2137 3572 inventa
2161 3518 2235 3573 sit
2255 3518 2607 3574 irrationalis.

278 3606 420 3660 Item
443 3605 821 3675 Westphalius
845 3604 1000 3671 (Rh.⁸
1021 3621 1076 3675 p.
1108 3609 1243 3674 181),
1278 3620 1402 3660 cum
1425 3605 1484 3659 in
1507 3606 1685 3659 medio
1712 3603 1911 3659 cretico
1934 3603 2407 3659 irrationalitatem
2431 3605 2608 3659 inesse

281 3706 444 3762 posse
486 3696 732 3760 negaret,
778 3690 1183 3746 Hermauniana
1226 3690 1440 3746 ratione
1472 3690 1568 3746 illa
1604 3691 1776 3744 fretus
1819 3688 2130 3744 dochmium
2166 3689 2346 3745 divisit
2380 3689 2439 3744 in
2474 3688 2607 3744 bac-

283 3777 467 3831 chium
493 3780 548 3830 et
570 3776 809 3831 iambum
845 3777 898 3843 (i.
926 3791 972 3831 e.
1000 3776 1289 3831 bacchium
1328 3775 1741 3841 catalecticum),
1778 3775 2033 3843 quoniam
2056 3775 2111 3828 in
2137 3775 2312 3844 prima
2335 3780 2390 3829 et
2413 3781 2610 3844 quarta

284 3862 415 3917 sede
461 3861 799 3917 inveniretur
841 3861 1232 3917 irrationalitas
1282 3863 1652 3931 (ῦ--Ιῦ-Ῑ).
1723 3861 1801 3915 At
1849 3876 1972 3915 cum
2008 3876 2089 3914 ex.
2127 3877 2208 3930 gr.
2255 3862 2313 3915 in
2346 3860 2609 3930 glyconeo

282 3947 478 4012 tertio,
514 3948 661 4016 quod
695 3953 950 4013 vocatur,
998 3946 1157 4017 primi
1190 3946 1301 4002 duo
1338 3945 1505 4016 pedes
1542 3946 1654 3999 arsi
1688 3948 1912 4000 utantur
1945 3945 2279 4013 irrationali,
2326 3960 2610 4001 numerum

277 4031 653 4087 irrationalem
697 4031 885 4087 iterari
930 4038 1096 4100 atque
1140 4032 1343 4088 idcirco
1381 4030 1451 4086 ad
1486 4029 1955 4101 rhythmopoeiam
2004 4031 2313 4086 continuam
2361 4034 2610 4101 spectare

280 4115 607 4173 credamus?
