3177 4960
679 336 802 395 282
1644 334 1803 404 Hugo
1838 334 1873 389 J
1874 340 2028 391 usatz

844 509 1374 577 Adsuescendum
1435 527 1588 575 vero
1649 509 1777 575 iam
1837 509 2007 590 eius,
2080 506 2255 592 quod
2312 507 2670 576 choriambi
2725 510 2977 577 brevem

676 613 955 696 priorem
988 610 1430 679 contendimus
1467 610 1831 695 praeditam
1865 630 2009 678 esse
2053 609 2254 678 thesis
2301 610 2615 695 dignitate
2646 619 2713 678 et
2744 613 2979 681 ordine.

674 714 1130 783 Choriambum
1163 715 1332 780 enim
1369 719 1661 781 veterum
1705 733 1894 780 nemo
1939 713 2178 781 dividit
2221 714 2345 781 nisi
2388 715 2457 780 in
2501 714 2882 783 trochaeum
2924 724 2980 784 et

676 819 979 900 iambum,
1011 819 1076 882 in
1108 816 1478 884 trochaeum
1511 817 1763 885 scilicet
1790 836 1923 884 non
1948 836 2115 899 eum,
2147 816 2257 900 qui
2290 815 2459 884 thesi
2489 817 2686 884 utitur
2718 818 2975 903 disema,

672 921 802 986 arsi
848 939 1247 1005 monosema‚
1306 918 1424 986 sed
1468 926 1709 986 contra.
1797 920 1964 985 Nam
2010 919 2136 986 nisi
2193 920 2370 1002 prior
2420 920 2636 988 brevis
2681 941 2980 1005 percussa

675 1029 846 1091 esset
901 1024 1197 1108 quamvis
1256 1023 1618 1106 levissime,
1678 1042 1805 1089 non
1864 1022 2417 1107 intellegeremus,
2477 1023 2590 1106 qui
2647 1022 2865 1107 fieret,
2921 1031 2981 1091 ut

674 1126 1152 1210 produceretur.
1241 1125 1311 1192 Si
1357 1132 1604 1209 autem,
1666 1131 1736 1191 ut
1778 1123 1991 1191 adhuc
2048 1124 2360 1191 creditum
2409 1130 2536 1209 est,
2597 1128 2854 1209 quoties
2895 1126 2981 1192 di·

676 1230 890 1297 iambo
924 1228 1327 1297 choriambus
1360 1227 1728 1313 respondet,
1772 1227 1947 1294 idem
1991 1225 2181 1311 pedis
2211 1227 2490 1311 spatium
2522 1230 2981 1311 exprimeretur

675 1331 866 1399 modo
910 1334 1107 1416 longa
1151 1332 1430 1416 trisema,
1478 1331 1674 1398 modo
1720 1332 1914 1414 longa
1961 1330 2213 1397 disema
2259 1335 2323 1396 et
2366 1330 2549 1397 brevi
3006 1335 3019 1340 ”

1491 1447 1687 1582 “²⁹1
1729 1477 1771 1484 ·
1807 1467 1849 1492 “’
1872 1447 1879 1582 1
1903 1477 1945 1485 “
2021 1466 2067 1494 ”
2089 1447 2168 1583 1¹·-

1494 1533 1658 1560 -υυ
1725 1531 1786 1560 ι..
1905 1532 2067 1560 -υυ
2107 1531 2170 1559 ι-

675 1646 930 1724 praeter
974 1658 1225 1707 omnem
1270 1638 1640 1722 opinionem
1697 1643 2080 1722 praeterque
2123 1638 2302 1721 leges
2347 1636 2741 1730 rhythmicas
2788 1638 2976 1705 fieret.

671 1744 744 1808 In
777 1748 1090 1827 quotquot
1120 1742 1290 1808 enim
1320 1741 1481 1808 locis
1511 1746 1624 1807 aut
1666 1748 1938 1807 metrum
1967 1760 2111 1807 cum
2147 1742 2442 1807 anacrusi
2474 1746 2674 1807 metro
2721 1761 2976 1810 anacru-

672 1847 761 1913 sis
793 1846 1045 1930 experti
1075 1851 1187 1910 aut
1216 1844 1504 1911 clausula
1533 1844 1912 1911 catalectica
1954 1844 2349 1921 acatalectae
2381 1843 2772 1928 respondere
2809 1843 2975 1909 vide-

674 1948 878 2031 batur,
913 1949 974 2013 ei
1006 1965 1228 2013 omnes
1260 1948 1539 2030 corrupti
1571 1952 1718 2013 sunt
1749 1953 1812 2012 et
1841 1946 2213 2030 plerumque
2248 1946 2589 2012 emendati.
2681 1946 2973 2014 Omnium

675 2055 891 2115 autem
925 2048 1385 2115 absurdissime
1417 2048 1552 2131 egit
1580 2048 1967 2115 Meissnerus
2000 2048 2256 2128 (Philol.
2289 2048 2352 2113 X
2376 2069 2438 2133 p.
2475 2054 2503 2113 1
2542 2049 2727 2134 sqq),
2777 2050 2975 2133 quiin

674 2151 945 2216 diiambi
993 2170 1136 2217 cum
1184 2149 1555 2217 choriambo
1602 2152 2021 2234 responsione
2069 2150 2408 2234 adaptavit
2452 2150 2829 2219 choriambo
2889 2150 2972 2216 di·

676 2254 991 2334 iambum,
1039 2254 1128 2319 ita
1170 2259 1240 2319 ut
1299 2252 1487 2319 huius
1511 2249 1894 2337 *percuteret
1938 2254 2140 2337 arsin;
2197 2254 2349 2337 quin
2395 2252 2709 2321 Christius
2753 2253 2976 2331 (Metr.²

671 2378 734 2441 p.
771 2356 919 2433 472)
976 2357 1118 2441 ipse
1178 2355 1245 2422 id
1291 2356 1724 2440 capessiturus
1776 2356 1972 2423 fuisse
2018 2356 2303 2439 videtur,
2364 2357 2489 2422 nisi
2533 2356 2800 2424 brevem
2844 2374 2976 2441 per-

672 2465 889 2527 cutere
940 2479 1137 2544 saepe
1184 2464 1534 2543 cogeretur.
1626 2460 1712 2525 At
1754 2457 1914 2524 mihi
1972 2457 2233 2543 quidem
2292 2459 2515 2544 ignota
2556 2459 2726 2527 notis
2770 2460 2972 2545 potius

670 2562 1044 2649 adaptanda
1089 2583 1229 2630 esse
1277 2563 1596 2647 videntur,
1646 2562 1932 2629 diiambo
1977 2561 2441 2629 choriambum.

842 2667 1070 2751 Itaque
1102 2667 1158 2732 si
1189 2664 1545 2732 choriambi
1579 2670 1644 2732 et
1673 2665 1868 2731 ionici
1897 2665 2160 2732 brevem
2208 2666 2488 2750 priorem
2532 2664 2971 2749 percutiemus,

672 2769 991 2834 anaclasis
1025 2774 1090 2833 et
1134 2767 1447 2849 originem
1491 2774 1555 2834 et
1599 2773 1889 2833 naturam
1937 2766 2254 2834 eiusmodi
2300 2754 2442 2834 esse
2488 2774 2973 2834 consentaneum

672 2877 802 2952 est,
849 2875 919 2934 ut
964 2889 1089 2953 quo
1135 2871 1394 2952 gravior
1438 2868 1608 2936 thesi
1654 2871 1816 2935 ictus
1862 2868 2149 2952 additur,
2198 2889 2274 2936 eo
2320 2871 2527 2936 maius
2571 2868 2685 2936 fiat
2729 2876 2969 2953 tempus

671 2974 804 3039 ictu
848 2972 1227 3054 subiectum,
1274 2973 1372 3038 sin
1416 2970 1691 3039 thesium
1738 2973 1902 3040 ictus
1947 2973 2139 3055 aequi
2183 2972 2334 3038 facti
2381 2978 2546 3055 sunt,
2593 2978 2726 3038 tum
2771 2973 2970 3056 spatia

670 3075 764 3142 eis
798 3074 1080 3140 obnoxia
1124 3093 1381 3158 quoque
1421 3073 1580 3139 fiant
1626 3094 1854 3158 aequa.

838 3178 911 3243 In
959 3178 1168 3244 ionico
1216 3176 1490 3243 dimetro
1535 3177 1955 3244 anaclomeno
2000 3176 2304 3260 temporis
2353 3175 2557 3259 quinti
2601 3182 2846 3261 partem
2888 3176 2964 3242 ad

669 3287 964 3364 quartum
1009 3278 1284 3356 trahere,
1331 3285 1401 3345 ut
1431 3279 1739 3363 syzygiae
1783 3277 2010 3345 fierent
2052 3279 2219 3345 inter
2267 3298 2336 3345 se
2381 3299 2507 3344 non
2552 3284 2684 3345 tam
2730 3298 2966 3362 reapse,

670 3403 864 3467 quam
910 3384 1158 3465 origine
1217 3387 1281 3448 et
1323 3382 1573 3448 ratione
1618 3382 1958 3464 aequales,
2016 3381 2424 3448 metricorum
2468 3381 2667 3449 fuisse
2714 3387 2967 3449 constat.

666 3484 950 3550 Dubium
994 3490 1209 3551 autem
1256 3491 1384 3567 est,
1447 3489 1658 3550 utrum
1704 3483 2123 3550 Aristoxenus
2154 3482 2327 3550 idem
2371 3484 2508 3551 fere
2554 3485 2841 3569 voluerit,
2887 3502 2966 3547 an

667 3588 733 3651 in
793 3587 903 3653 illo
952 3592 1151 3653 metro
1209 3586 1412 3669 pedes
1470 3585 1830 3654 trochaicos
1876 3605 2135 3653 servare
2183 3585 2552 3670 rhythmum
2598 3587 2971 3670 legitimum,

667 3689 999 3755 anaclasin
1035 3708 1188 3755 vero
1221 3690 1361 3756 sive
1406 3689 1782 3775 parallagen
1825 3694 2117 3773 spectare
2159 3688 2245 3754 ad
2291 3688 2547 3755 dimetri
2593 3689 2781 3756 ionici
2823 3707 2967 3754 ana-

667 3792 940 3859 clomeni
971 3792 1243 3875 primum
1277 3798 1529 3877 tempus
1561 3799 1625 3860 et
1648 3793 1961 3875 ultimum,
1992 3797 2057 3859 et
2078 3792 2567 3859 anaclomenum
2599 3796 2799 3858 ortum
2831 3808 2967 3856 esse

667 3894 907 3961 dixerit
951 3914 1034 3961 ex
1094 3893 1458 3978 tetrapodia
1501 3894 1831 3963 trochaica
1875 3896 1997 3977 ita,
2057 3901 2126 3962 ut
2170 3893 2254 3961 de
2299 3893 2469 3961 thesi
2513 3895 2719 3978 prima
2759 3892 2966 3959 detra-

666 3997 923 4064 heretur
980 4004 1234 4081 tempus
1289 4017 1760 4082 monosemum,
1816 3997 2162 4065 adderetur
2216 3999 2347 4064 arsi
2392 3997 2671 4064 ultimae.
2755 3994 2966 4078 Atque

661 4101 753 4168 ita
810 4100 1075 4185 quidem
1132 4101 1410 4168 sensisse
1466 4102 1781 4169 musicum
1837 4121 1966 4167 non
2023 4100 2434 4167 abnuendum
2494 4105 2622 4183 est,
2680 4100 2732 4166 si
2773 4095 2968 4163 modo
