3177 4960
874 357 958 413 De
991 356 1409 413 irrationalitate
1443 356 1624 412 studia
1656 357 1979 429 rhythmica.
2459 358 2582 418 203

437 532 676 597 Verum
738 531 991 597 etiamsi
1050 532 1419 598 testimonia
1475 532 1593 596 illa
1636 552 1763 597 nou
1823 538 2148 611 extarent,
2194 533 2300 598 vel
2346 552 2381 598 e
2427 533 2583 600 solis

255 635 602 702 notionum
661 632 1143 699 definitionibus
1188 653 1290 700 res
1348 634 1559 716 potuit
1597 632 1925 717 cognosci.
2007 628 2231 721 Ῥητὸν
2275 637 2447 702 enim
2488 644 2581 703 at-

254 757 387 822 que
437 730 678 821 ἄλογον
726 733 1064 821 διάστημα
1109 737 1302 818 quale
1347 736 1451 820 sit,
1508 756 1770 820 prorsus
1825 737 2183 804 luculenter
2229 740 2585 805 enuntiavit

254 840 690 906 Aristoxenus
734 837 911 923 apud
956 837 1706 922 Ps-Eucl.introd.p.9,
1745 839 1854 904 18.
1912 835 2080 926 ῥητὰ
2138 839 2259 922 μὲν
2306 837 2583 927 διαστή-

253 965 445 1023 ματα
493 935 608 1006 οὖν
654 937 853 1019 ἐστιν,
901 931 994 1004 ὦν
1039 937 1184 1005 οἷόν
1225 963 1300 1004 τε
1345 936 1487 1004 ἐστὶ
1532 937 1617 1003 τὰ
1660 944 1916 1027 μεγέθη
1965 933 2392 1022 ἀποδιδόναι,
2441 939 2584 1007 οἷον

255 1042 489 1120 τόνος,
533 1037 916 1131 ἡμιτόνιον,
965 1041 1228 1109 δίτονον
1243 1094 1261 1123 ,
1308 1047 1615 1125 τρίτονον
1671 1044 1782 1108 καὶ
1827 1041 1912 1109 τὰ
1971 1035 2206 1128 όμοια·
2256 1039 2465 1130 αλογα
2511 1043 2584 1108 δὲ

257 1143 831 1229 παραλλάττοντα
875 1147 1087 1210 ταῦτα
1122 1143 1207 1210 τὰ
1251 1149 1507 1232 μεγέθη
1541 1143 1660 1210 ἐπὶ
1688 1144 1765 1211 τὸ
1799 1136 2097 1229 μεῖζον’
2068 1173 2107 1235 η
2142 1145 2258 1212 ἐπὶ
2301 1144 2378 1212 τὸ
2428 1145 2585 1211 ἔλα-

255 1273 378 1314 τον
439 1241 716 1333 άλόγῳῑ)
783 1249 914 1313 τινὶ
968 1251 1262 1333 μεγέθει.
1364 1248 1539 1327 Quas
1599 1249 2004 1318 definitiones
2061 1252 2143 1318 ab
2195 1253 2584 1318 Aristoxeno

255 1352 588 1438 profectas
634 1370 775 1418 esse
820 1352 1106 1434 sequitur
1151 1359 1215 1417 et
1258 1372 1342 1418 ex
1385 1353 1765 1418 auctoritate
1810 1354 1977 1436 libri,
2031 1354 2211 1420 cuius
2257 1360 2583 1419 auctorem

256 1455 543 1538 plurima
586 1473 704 1521 sua
748 1453 986 1519 debere
1018 1454 1366 1519 Tarentino
1401 1456 1803 1520 consentiunt
1832 1455 1954 1519 viri
1999 1455 2174 1522 docti
2205 1461 2269 1521 et
2300 1476 2383 1521 ex
2412 1455 2582 1520 Man.

257 1558 592 1640 Bryennio
640 1559 726 1639 (p.
761 1557 882 1622 383
914 1556 1189 1640 Wallis),
1249 1557 1357 1639 qui
1406 1555 1886 1623 definitionibus
1946 1558 2076 1623 illis
2123 1559 2427 1641 opposuit
2470 1557 2582 1623 ad-

258 1660 698 1726 versariorum
745 1658 1180 1726 definitiones:

865 2127 1155 2199 μιτόνιον,
1209 2127 1298 2189 διὰ
1354 2128 1660 2204 τεσσάρων
1705 2137 1802 2188 καὶ
1901 2127 2099 2208 άλόγῳ
2135 2137 2244 2189 τινὶ
2276 2132 2537 2205 μεγέθει·

1227 1785 1401 1861 Ρηῖα
2117 1789 2320 1863 ’Ἀλογα

864 1876 971 1944 μὲν
1009 1866 1112 1932 οὖν
1147 1875 1298 1941 ἐστι,
1336 1877 1421 1931 ὠν
1458 1869 1591 1932 οἶόν
1626 1895 1690 1932 τε
1726 1877 1798 1934 τὰ
1854 1877 1913 1935 δὲ
1969 1899 2039 1935 τα
2098 1872 2583 1949 παραλλάττοντα
2625 1886 2629 1891 ’

267 1994 759 2050 Aristoxeneomm
864 1961 1128 2032 μεγέθη
1165 1954 1530 2027 ἀποδιδόναι,
1571 1954 1701 2017 οἷον
1725 1963 1800 2017 δι’·
1855 1967 2035 2020 ταῦτα
2073 1960 2144 2021 τὰ
2185 1962 2456 2034 μεγέθη
2492 1960 2587 2019 ἐπὶ

351 2084 689 2149 (μουσικῶν)
867 2065 1062 2112 ‘⁶⁰²'⁰²'›
1085 2041 1404 2118 ἧμιῖθνίθν»
1426 2066 1625 2112 2'02’02',
1649 2066 1799 2117 τριη-
1854 2044 1925 2105 τὸ
1961 2045 2210 2117 μεῖζον’
2186 2071 2219 2119 η
2245 2047 2315 2104 τὸ
2343 2042 2587 2104 ε’λαττον

1172 2211 1242 2273 τὰ
1285 2207 1489 2285 όμοια

867 2294 1122 2359 ταῦτὸὸ’
1143 2302 1341 2368 ειπεῖν,
1366 2292 1805 2375 ὦνκαὶλόγον
1855 2300 1985 2374 ἤτοι
2053 2295 2136 2360 ὧν
2198 2299 2381 2369 οὐδεὶς
2435 2299 2588 2376 πρὸς

867 2381 1370 2444 ἐστὶνείπεῖνοῖον·
1393 2383 1576 2458 λόγον
1590 2386 1650 2443 δέ
1663 2408 1803 2459 φημι
1856 2384 2071 2458 ἄλληλα
2126 2379 2346 2459 λόγος
2398 2382 2585 2461 εὑρίσ-

868 2466 972 2543 τὴν
1006 2467 1158 2546 πρὸς
1191 2467 1406 2544 ἄλληλα
1443 2465 1585 2529 κατ’
1637 2465 1804 2545 doc-9·
2129 2493 2307 2531 κεται.

894 2553 1010 2627 μὸν
1045 2551 1336 2632 (ἀριθμῶν
1371 2558 1514 2625 libri)
1552 2560 1764 2631 σχέσιν.

278 2387 756 2456 Pythagoreorum

341 2475 713 2540 (κανονικῶν)

439 2695 622 2776 Quae
653 2696 1059 2764 definitiones
1090 2699 1258 2765 inter
1286 2719 1355 2765 se
1399 2705 1759 2782 pugnantes
1804 2696 2000 2780 (quod
2029 2718 2158 2765 non
2185 2697 2585 2765 intellexisse

255 2799 524 2867 videtur
568 2799 982 2884 Byzantinus,
1041 2820 1187 2867 cum
1246 2801 1421 2867 dicat
1475 2792 1679 2865 ταύτὸ
1730 2791 2047 2887 δἐῑρτεῖν)
2097 2799 2586 2884 proficiscuntur

258 2922 297 2969 e
361 2901 642 2969 diversis
684 2903 1072 2970 musicorum
1130 2908 1422 2970 veterum
1468 2903 1824 2970 rationibus
1883 2901 2291 2970 harmonicis.
2379 2902 2585 2969 Cano-

256 3004 397 3071 nici
443 3004 612 3070 enim
658 3005 798 3071 sive
835 3005 1232 3088 Pythagorei
1275 3006 1802 3091 proportionibus
1848 3025 2149 3072 sonorum
2194 3005 2261 3071 in
2307 3007 2587 3072 numeris

255 3107 498 3192 positis
527 3103 788 3190 (λόγους
816 3104 1006 3184 τινὰς
1037 3099 1354 3190 ἀριθμῶν
1383 3108 1670 3175 Aristox.
1706 3108 1787 3176 el.
1814 3108 2016 3174 harm.
2048 3129 2112 3194 p.
2141 3111 2242 3191 46,
2276 3111 2357 3172 26
2381 3107 2583 3192 qu.)

257 3208 680 3277 tetrachorda
711 3211 1201 3295 componebant,
1246 3211 1662 3278 Aristoxenei
1706 3230 1861 3277 vero
1907 3210 2393 3276 intervallorum
2438 3228 2585 3292 spa-

256 3313 372 3379 tiis
419 3313 786 3397 (μεγέθεσι)
831 3314 967 3380 toni
1013 3314 1305 3399 partibus
1351 3313 1678 3399 expressis
1725 3313 1827 3390 (cf.
1859 3310 2200 3379 Claudium
2231 3310 2585 3395 Didymum

445 3534 493 3596 1)
527 3531 900 3601 Westphalius
936 3541 1248 3601 pertaesus,
1294 3533 1438 3600 quod
1473 3548 1575 3587 vox
1610 3530 1935 3600 explicanda
1969 3530 2026 3584 in
2061 3530 2185 3599 ipsa
2220 3528 2587 3598 explicatione

258 3616 544 3685 repetitur,
569 3631 669 3686 pro
691 3610 885 3691 ἀλόγῳ
904 3615 1095 3671 scribit
1111 3610 1453 3692 άμελῳδήτφ
1474 3617 1586 3682 (Ar.
1608 3634 1657 3671 v.
1679 3615 1883 3669 Tarent
1900 3631 1955 3683 p.
1972 3617 2098 3683 2893
2119 3613 2254 3669 Rh.³
2272 3630 2326 3683 p.
2353 3618 2449 3668 142
2463 3619 2585 3683 sq.).

257 3703 343 3755 At
377 3700 688 3756 Aristoxeni
734 3701 1076 3758 definitiones
1120 3718 1283 3772 saepe
1318 3703 1399 3757 ita
1437 3706 1786 3771 comparatae
1822 3705 1978 3762 sunt,
2028 3705 2092 3754 ut
2125 3715 2230 3755 vox
2264 3699 2589 3769 explicanda

256 3803 372 3858 quo
397 3787 686 3856 pertineat,
722 3787 1053 3855 enuntietur,
1087 3790 1235 3844 velut
1255 3788 1315 3843 in
1339 3786 1657 3842 differentiis
1688 3785 1887 3857 pedum
1909 3780 2058 3844 κατὰ
2083 3785 2335 3858 μέγεθος
2357 3790 2415 3841 et
2434 3806 2584 3843 κατα

254 3874 559 3943 διαίρεσιν.
622 3871 761 3939 Quin
783 3872 905 3942 ipse
931 3872 1304 3943 Westphalius
1341 3871 1495 3939 (Βλι.8
1516 3888 1570 3941 p.
1601 3875 1700 3926 280
1720 3873 1827 3940 sq.)
1863 3870 2026 3927 huius
2062 3886 2194 3926 usus
2220 3886 2329 3926 non
2364 3870 2587 3940 ignarus

254 3957 566 4013 definitioni
602 3957 718 4013 eius
752 3959 952 4027 pedum
999 3958 1334 4015 differentiae
1347 3999 1362 4025 ,
1411 3972 1550 4027 quae
1585 3957 1790 4012 dicitur
1823 3952 1973 4014 κατὰ
2010 3959 2228 4029 σχῆμα,
2274 3956 2402 4011 addi
2436 3956 2589 4012 iubet

254 4047 647 4116 σχηματισθῇ,
680 4043 929 4098 nimirum
966 4050 1291 4114 aspernatus
1327 4044 1493 4100 Pselli
1526 4042 1919 4109 testimonium,
1955 4042 2157 4111 quippe
2191 4043 2335 4111 quod
2370 4057 2480 4097 non
2517 4042 2589 4095 sit

247 4130 316 4184 in
356 4144 470 4185 rem
506 4144 677 4184 suam.
