3177 4960
839 353 923 407 De
957 352 1369 407 irrationalitate
1404 350 1584 407 studia
1618 351 1938 422 rhythmica.
2300 319 2307 324 ο
2419 351 2538 412 261

231 526 449 594 τόπον
464 526 753 611 spondeo
780 531 1057 610 utuntur,
1088 532 1158 591 ut
1180 526 1322 592 vult
1344 524 1544 592 schol.
1571 524 1926 609 Hephaest.
1950 546 2014 608 p.
2032 529 2177 605 212,
2200 528 2239 590 9
2257 524 2546 611 Westph.

236 632 402 698 Nam
426 631 495 697 in
516 628 900 698 choliambis
921 647 1039 713 pes
1054 628 1318 696 ultimus
1336 628 1599 694 vitiatur
1612 648 1739 694 non
1765 623 1878 693 διὰ
1901 624 2021 715 τὴν
2043 630 2175 693 τῶν
2201 620 2550 711 ὀνομάτων

236 725 542 819 ἀνάγκην,
574 732 692 799 sed
722 731 929 797 libero
960 736 1293 814 poetarum
1323 732 1388 796 in
1421 735 1625 797 metro
1658 731 1960 814 eligendo
1990 732 2276 799 arbitrio.
2323 734 2551 818 Neque

234 856 388 903 vero
424 854 505 901 ea
533 834 884 901 necessitas
918 853 1036 899 usu
1067 833 1244 898 venit
1274 833 1339 898 in
1371 834 1668 900 versibus
1698 833 1830 900 illis
1862 832 2256 902 Simonideis
2286 836 2426 919 (frg.
2461 843 2553 904 4.:

236 935 607 1024 ἐβόμβησεν
669 933 994 1000 θάλασσα
1040 945 1103 1002 et
1147 936 1265 1019 frg.
1301 939 1366 1011 6)
1414 941 1478 1003 et
1521 937 1912 1003 Alcmanicis
1958 939 2100 1020 (frg.
2138 939 2216 1016 1).
2306 940 2555 1007 Eadem

239 1041 411 1108 enim
455 1040 645 1107 metri
689 1044 918 1105 natura
974 1038 1297 1105 invenitur
1341 1038 1519 1124 apud
1564 1039 1913 1105 Pindarum
1959 1041 2026 1105 in
2069 1037 2288 1108 metris
2334 1042 2434 1109 Ol.
2468 1044 2558 1109 VI

238 1150 345 1211 str.
382 1147 442 1227 6,
488 1142 651 1208 XIII
680 1148 788 1208 str.
823 1143 895 1227 3,
944 1142 1061 1225 Py.
1095 1142 1126 1205 I
1157 1147 1264 1207 str.
1299 1143 1370 1223 3,
1419 1142 1586 1224 aliis,
1634 1143 1865 1225 quibus
1909 1139 2098 1227 παρὰ
2143 1141 2376 1224 τόπον,
2424 1147 2464 1212 1.
2500 1165 2555 1212 e.

239 1246 506 1329 paribus
537 1250 885 1311 metrorum
930 1245 1354 1311 iambicorum
1386 1243 1650 1311 sedibus
1680 1247 1844 1312 arsis
1887 1248 2085 1330 longa
2115 1266 2256 1314 esse
2303 1247 2561 1314 videtur

240 1348 344 1425 (cf.
379 1348 499 1432 Py.
528 1348 593 1413 X
622 1354 732 1414 str.
767 1351 826 1432 6,
873 1346 974 1413 Ol.
1005 1347 1096 1412 IV
1126 1352 1234 1413 str.
1268 1348 1328 1430 6,
1377 1348 1493 1430 Py.
1528 1348 1684 1414 VIII
1713 1357 1822 1414 str.
1857 1351 1950 1432 7);
1995 1369 2145 1415 nam
2178 1369 2322 1416 cum
2365 1352 2562 1434 longa

240 1457 352 1518 aut
382 1469 501 1535 per
524 1470 747 1517 omnes
778 1448 1077 1536 strophas
1107 1455 1219 1516 aut
1249 1456 1426 1516 certa
1456 1450 1736 1533 quadam
1768 1451 2148 1518 condicione
2179 1453 2560 1538 inveniatur,

239 1575 368 1621 non
428 1559 692 1638 propter
737 1552 1077 1620 verborum
1122 1554 1575 1621 necessitatem
1633 1554 1908 1639 positam
1956 1573 2100 1620 eam
2146 1574 2289 1622 esse
2332 1557 2560 1623 elucet.

241 1656 503 1725 Accidit
531 1662 746 1722 autem
790 1656 905 1722 illa
932 1656 1066 1721 τῶν
1098 1646 1448 1737 ὀνομάτων
1498 1647 1740 1741 ἀνάγκη
1773 1657 2055 1723 maxime
2102 1657 2168 1722 in
2199 1658 2563 1725 nominibus

244 1759 554 1843 propriis;
601 1779 750 1825 nam
790 1778 934 1825 cum
964 1759 1230 1824 nomina
1256 1777 1385 1824 non
1430 1760 1696 1842 propria
1724 1757 2024 1843 rhythmo
2069 1759 2402 1845 proposito
2435 1779 2563 1826 non

244 1868 404 1945 apta
448 1861 679 1929 evitari
722 1861 972 1944 possint
1014 1861 1391 1944 synonymis
1436 1859 1768 1942 adhibitis,
1814 1862 2094 1946 propriis
2137 1881 2404 1929 numero
2434 1883 2564 1930 non

245 1965 778 2031 convenientibus
802 1965 895 2030 uti
919 1963 1239 2030 interdum
1263 1982 1473 2030 sermo
1500 1964 1726 2047 exigit.
1763 1963 2020 2031 Scimus
2043 1970 2257 2030 autem
2283 1967 2564 2049 tragicos

246 2066 591 2135 admisisse
635 2073 1055 2150 anapaestum
1114 2067 1181 2132 in
1226 2066 1497 2133 trimetri
1542 2067 1805 2133 iambici
1849 2067 2125 2150 pedibus
2169 2067 2403 2135 mediis
2448 2088 2568 2136 nec

248 2190 378 2237 non
421 2171 490 2236 in
534 2176 905 2236 tetrametro
952 2168 1280 2236 trochaico
1310 2172 1508 2247 (certe
1541 2169 1649 2237 Or.
1687 2172 1884 2236 1535:
1932 2161 2242 2254 ξύγγονόν
2284 2162 2348 2234 τ’
2403 2167 2564 2257 ἐμὴν

248 2270 573 2359 Πυλάδην
602 2275 699 2352 τε)
728 2274 823 2338 ita
852 2278 1118 2356 tantum,
1151 2273 1207 2339 si
1231 2274 1529 2356 expletur
1551 2274 1814 2340 nomine
1843 2275 2128 2359 propri0,
2162 2293 2306 2341 cum
2339 2275 2570 2342 comici

250 2397 399 2445 eum
446 2376 751 2442 trimetris
795 2376 1230 2442 immiscerent
1258 2375 1439 2441 nulla
1466 2376 1810 2441 verborum
1853 2377 2101 2442 ratione
2148 2374 2387 2442 habita.
2475 2380 2571 2445 Ac

248 2483 315 2547 ni
371 2479 596 2563 fallor,
660 2499 739 2546 ea
796 2498 964 2563 quae
1022 2478 1104 2546 de
1150 2499 1268 2546 usu
1326 2478 1562 2561 longae
1623 2498 1739 2563 pro
1785 2478 1970 2545 brevi
2014 2477 2254 2546 tradita
2296 2487 2443 2547 sunt
2486 2483 2570 2547 ab

250 2582 560 2667 Aristide,
607 2583 845 2667 optime
891 2582 1131 2649 cadunt
1171 2582 1237 2646 in
1282 2586 1706 2664 anapaestum
1753 2581 2040 2647 trimetro
2084 2581 2469 2665 immixtum,
2516 2585 2573 2649 si

251 2686 392 2753 eius
448 2684 637 2770 pedis
689 2704 818 2751 non
877 2685 1142 2751 brevem
1188 2690 1527 2767 utramque
1571 2683 1702 2749 arsi
1746 2681 2208 2766 adscribimus,
2261 2690 2332 2750 ut
2376 2686 2572 2768 vulgo

250 2787 343 2873 fit,
389 2787 510 2855 sed
554 2788 824 2854 alteram
870 2786 1183 2853 trahimus
1226 2786 1313 2851 ad
1357 2785 1590 2868 thesin,
1637 2792 2059 2870 anapaestum
2103 2792 2322 2854 autem
2369 2789 2573 2873 illegi-

253 2892 484 2957 timum
520 2910 650 2957 non
693 2910 810 2974 pro
856 2890 1073 2956 iambo
1103 2891 1212 2956 vel
1256 2888 1583 2971 dactylum
1630 2908 1746 2974 pro
1794 2889 2120 2974 trochaeo,
2168 2910 2392 2957 verum
2424 2912 2575 2958 ana-

254 3000 554 3083 paestum
583 3013 702 3079 pro
733 2991 1057 3061 tribracho
1088 2993 1368 3076 positum
1402 3011 1544 3058 esse
1575 2991 1918 3075 credimus,
1964 2993 2033 3059 id
2079 2993 2255 3077 quod
2288 3000 2576 3060 veterum

254 3104 597 3184 poetarum
657 3098 941 3180 ipsorum
999 3095 1200 3161 fuisse
1256 3095 1597 3178 probabile
1658 3101 1772 3162 est.
1863 3096 2032 3163 Nam
2076 3096 2251 3180 apud
2297 3099 2576 3165 comicos

257 3208 325 3268 ut
368 3198 732 3267 tribrachus
776 3200 869 3265 ita
897 3205 1285 3283 anapaestus
1316 3198 1502 3265 abest
1529 3219 1570 3264 a
1615 3198 1785 3282 pede
1830 3200 2052 3265 ultimo
2099 3199 2281 3275 (Ran.
2314 3220 2376 3265 v.
2419 3202 2578 3264 1203

257 3325 373 3389 pro
412 3299 743 3368 θῦλάκιον
768 3300 1176 3369 scribendum
1207 3309 1305 3369 est
1334 3299 1652 3381 θύλακον,
1687 3300 2223 3384 quemadmodum
2257 3298 2580 3386 ληκύθιον

258 3407 421 3474 illud
467 3406 555 3473 ad
598 3425 822 3473 versus
867 3405 1059 3472 finem
1105 3408 1234 3484 (vv.
1281 3407 1463 3469 1214.
1500 3406 1684 3469 1216.
1722 3406 1906 3468 1224.
1946 3406 2127 3469 1227.
2168 3405 2350 3469 1231.
2391 3406 2579 3483 1234)

262 3528 519 3594 semper
570 3507 805 3574 dicitur
851 3504 1187 3593 λήκυθος).
1277 3507 1476 3573 Porro
1522 3512 1593 3571 ut
1637 3504 1946 3572 tribrachi
1990 3504 2191 3572 thesis
2238 3507 2448 3572 soluta
2492 3508 2585 3573 ita

261 3617 510 3678 tantum
556 3609 929 3694 dispertitur
975 3611 1142 3676 inter
1185 3608 1312 3675 duo
1346 3608 1547 3675 verba
1574 3628 1704 3673 non
1735 3614 1872 3673 arte
1917 3627 2186 3692 conexa,
2233 3608 2289 3674 si
2332 3609 2587 3675 accedit

261 3714 511 3781 vocalis
559 3713 766 3778 ultimi
798 3713 982 3779 elisio
1030 3712 1132 3791 (cf.
1165 3712 1372 3794 infra),
1419 3712 1511 3777 ita
1540 3729 1623 3776 ne
1653 3711 1989 3795 anapaesti
2022 3708 2284 3792 quidem
2317 3710 2579 3777 brevem

262 3815 613 3883 secundam
656 3815 724 3880 in
752 3815 950 3882 verbo
996 3815 1241 3881 maiore
1284 3814 1564 3898 positam
1609 3813 1860 3897 seiungi
1891 3833 1932 3879 a
1963 3811 2161 3878 verbo
2207 3806 2585 3895 insequente

263 3919 330 3984 in
360 3918 658 3985 omnibus
690 3919 958 3985 trimetri
990 3918 1220 3985 comici
1265 3917 1538 4001 pedibus
1570 3916 1923 4000 quidquam
1955 3914 2149 3981 habet
2194 3912 2589 3996 offensionis,

263 4022 321 4087 si
365 4020 709 4088 intercedit
764 4041 1055 4106 apocope
1113 4019 1498 4097 (Bernhardi
1544 4020 1610 4085 in
1655 4025 1777 4086 act.
1832 4038 1959 4086 soc.
2007 4017 2183 4100 Lips.
2228 4017 2261 4081 I
2306 4037 2368 4100 p.
2417 4019 2584 4094 285).

265 4121 401 4191 Sed
446 4122 530 4191 de
577 4122 677 4190 his
722 4125 1101 4207 accuratius,
1149 4124 1204 4191 si
1251 4124 1422 4208 licet,
1468 4124 1653 4189 alias.
