3177 4960
591 335 717 397 272
1564 330 1724 398 Hugo
1759 328 1950 385 Jusatz

592 510 684 576 ita
726 509 794 573 in
840 508 1060 591 quinto
1106 505 1282 572 idem
1326 504 1420 571 eis
1464 502 1668 585 licuit,
1715 503 1819 569 cui
1849 502 1944 569 rei
1979 501 2343 576 testimonia
2387 506 2534 568 sunt
2562 522 2669 568 vv.
2704 501 2905 587 Soph.

587 611 710 694 frg.
731 614 879 677 3053
913 603 1459 694 ἀλλοτριοφάγοι,
1492 604 1731 672 Bacch.
1755 607 1946 670 10673
1980 600 2450 688 ἑλικοδρόμον,·
2477 623 2691 688 neque
2716 604 2912 688 igitur

592 711 890 779 videmus
923 730 1203 795 causam,
1251 729 1361 777 cur
1390 729 1519 774 non
1550 726 1855 775 concessa
1884 706 1978 774 eis
2007 706 2199 772 fuerit
2243 706 2512 772 trimetri
2543 707 2755 773 exitus
2786 706 2908 773 for-

592 820 797 881 matus
843 812 1194 881 secundum
1236 831 1459 878 versus
1490 807 2000 894 Aristophaneos
2031 808 2225 893 Vesp.
2266 810 2416 875 163:
2462 798 2792 873 οὐδέποτέ
2820 832 2905 893 γε,

595 919 749 981 9083
810 912 1160 981 δεινότατα
1202 911 1359 998 γάρ,
1417 914 1578 997 Equ.
1627 916 1783 979 946:
1846 893 2308 995 ἐσκορόδισας,
2367 917 2558 979 11543
2619 911 2909 977 δωδεκα-

591 1016 829 1085 πάλαι.
878 1055 959 1065 -
1005 1018 1235 1102 Neque
1274 1036 1429 1083 vero
1458 1016 1569 1082 lex
1601 1015 1997 1082 Porsoniana
2040 1014 2264 1095 obfuit,
2309 1017 2647 1099 quominus
2693 1036 2907 1084 aemu-

593 1122 875 1190 larentur
924 1120 1154 1203 tragici
1198 1118 1316 1185 hos
1362 1138 1613 1185 versus:
1670 1118 1791 1184 Av.
1840 1120 1953 1182 94:
2007 1118 2126 1204 τῆς
2168 1118 2554 1204 τριλοφίας,
2616 1122 2771 1184 6503
2834 1108 2905 1183 οὗ

591 1226 961 1306 πετομένω,
1007 1223 1157 1289 Pac.
1190 1224 1350 1286 682:
1397 1232 1525 1286 ποῖ
1558 1216 1920 1305 περιάγεις,
1972 1224 2166 1286 10613
2210 1217 2301 1307 μὴ
2335 1219 2660 1305 διαλέγου,
2715 1223 2905 1285 12323

592 1327 710 1412 τῆς
752 1325 1131 1407 θαλαμίας,
1179 1325 1337 1390 Rau.
1390 1326 1552 1388 1463
1584 1344 1712 1406 sq.:
1771 1324 1905 1387 τῶν
1960 1322 2323 1405 πολεμίων.
2413 1322 2547 1391 Sed
2602 1343 2686 1390 ne
2743 1322 2907 1394 hunc

587 1427 856 1512 quidem
901 1429 966 1493 in
1009 1425 1272 1494 modum
1316 1427 1585 1493 trimetri
1632 1427 1872 1492 exitum
1917 1427 2302 1509 tragicorum
2333 1445 2437 1493 ars
2466 1426 2782 1494 fabricata
2811 1432 2905 1493 est

593 1531 809 1596 ullum.
869 1532 1096 1614 Itaque
1128 1548 1229 1595 ex.
1263 1550 1356 1612 gr.
1389 1528 1732 1613 Euripides
1764 1528 1989 1594 maluit
2019 1529 2236 1612 eloqui
2267 1528 2411 1596 Hel.
2450 1532 2646 1596 1036:
2693 1549 2902 1614 προσ-

592 1629 872 1699 πόλοισι
915 1633 1249 1715 βασιλέως
1294 1652 1485 1717 quam
1533 1628 1957 1716 προσπόλοις
1999 1642 2150 1707 ταῖς
2191 1630 2542 1714 βασιλέως.

762 1733 947 1813 Quae
991 1756 1135 1803 cum
1181 1737 1272 1801 ita
1314 1736 1474 1818 sint,
1535 1733 1838 1801 solutioni
1883 1740 2029 1818 post
2071 1735 2243 1801 arsin
2289 1735 2729 1819 paenultinam
2771 1734 2903 1801 lon·

591 1857 746 1920 gam
789 1839 1070 1905 evitatae
1119 1857 1316 1905 causa
1359 1837 1492 1903 alia
1536 1856 1679 1903 esse
1737 1856 1866 1902 non
1923 1842 2165 1920 potest,
2225 1856 2419 1920 quam
2483 1836 2659 1921 quod
2718 1838 2907 1922 longa

592 1945 657 2005 et
714 1937 880 2005 duae
937 1939 1169 2006 breves
1230 1959 1357 2005 non
1415 1939 1823 2023 excipiuntur
1879 1939 2090 2023 spatio
2149 1936 2544 2025 rhythmico,
2604 1942 2903 2024 quoniam

590 2039 748 2124 pedi
792 2041 1191 2124 paenultimo
1237 2041 1444 2107 maius
1489 2040 1752 2106 trisemo
1797 2042 2006 2124 spatio
2051 2061 2179 2107 non
2210 2042 2614 2126 conceditur3
2657 2063 2809 2112 nam
2854 2045 2907 2111 si

591 2144 854 2225 longam
897 2142 1344 2210 adhibuissent
1386 2143 1452 2208 in
1496 2143 1645 2227 arsi,
1698 2143 1895 2226 foret,
1943 2149 2012 2210 ut
2055 2142 2226 2211 thesi
2270 2165 2398 2211 non
2440 2145 2906 2229 relinqueretur

592 2245 875 2328 spatium
920 2244 1271 2325 disemum,
1329 2243 1447 2311 sed
1491 2250 1669 2311 tanto
1718 2245 2146 2329 deminutum,
2207 2254 2445 2330 quanto
2504 2249 2700 2333 longa
2743 2250 2902 2317 arsis

589 2347 1054 2432 transgreditur
1098 2368 1556 2416 monosemnm.

1493 2653 1782 2722 CAPUT
1825 2654 2004 2721 XIII.

1049 2785 1165 2864 De
1220 2788 1524 2866 demetra
1581 2789 1956 2867 trochaico
2013 2792 2439 2869 acatalecto.

762 2939 1107 3025 Dactylum
1169 2948 1379 3008 autem
1438 2944 1504 3009 in
1559 2944 1956 3030 paenultimo
2014 2946 2287 3011 trimetri
2346 2947 2515 3031 pede
2561 2970 2602 3015 a
2646 2951 2900 3034 tragicis

591 3043 901 3110 evitatum
950 3063 1114 3122 esse,
1159 3065 1285 3111 non
1333 3045 1504 3128 quod
1554 3046 1898 3114 histriones
1944 3048 2010 3113 in
2055 3047 2179 3115 fine
2210 3050 2396 3116 metri
2427 3050 2733 3120 deficeret
2775 3053 2900 3139 spi-

588 3146 766 3232 ritus,
813 3168 1022 3232 neque
1069 3147 1328 3215 omnino
1372 3168 1509 3215 rem
1555 3151 1846 3233 pendere
1889 3171 1931 3217 a
1973 3152 2156 3218 metri
2200 3150 2346 3238 fine,
2394 3153 2545 3221 inde
2577 3157 2899 3240 cognosci-

589 3253 710 3333 tur,
756 3249 931 3334 quod
975 3250 1210 3318 eadem
1253 3250 1486 3318 solutio
1533 3251 1719 3318 abest
1763 3273 1803 3318 a
1833 3254 2183 3321 tetrametri
2216 3262 2398 3340 parte
2428 3258 2660 3342 priore.
2734 3258 2895 3325 Nam

589 3352 655 3416 in
703 3351 973 3419 dimetro
1023 3354 1136 3420 illo
1182 3352 1510 3421 trochaico
1557 3357 1920 3423 acatalecto
1967 3357 2237 3424 solvitur
2291 3358 2488 3427 thesis
2533 3362 2722 3429 tertia
2766 3367 2896 3428 tum

590 3451 870 3534 demum,
916 3474 1060 3519 cum
1104 3457 1268 3522 arsis
1311 3456 1639 3523 antecedit
1685 3457 1934 3525 brevis:

897 3571 1140 3639 Archil.
1188 3575 1308 3658 frg.
1356 3578 1459 3657 74,
1487 3578 1561 3641 23
1609 3566 1763 3641 οὐδὲ
1809 3576 2197 3660 θαυμάσιον
2246 3576 2478 3669 ἐπειδὴ

895 3673 1104 3740 Anan.
1151 3676 1270 3760 frg.
1395 3681 1547 3757 5‚1:
1597 3674 1749 3764 ἔαρι
1791 3677 1911 3762 μὲν
1953 3678 2233 3765 χρόμιος
2281 3675 2557 3768 ἄριστος

900 3775 1089 3842 Herc.
1137 3778 1253 3843 fur.
1389 3780 1544 3845 8633
1594 3773 1690 3845 οἷ’
1745 3778 1867 3866 ἐγώ
1918 3781 2161 3849 στάδια
2216 3783 2599 3870 δραμοῦμαι

899 3876 1141 3944 Phoen.
1391 3884 1544 3947 6153
1595 3879 1845 3966 ἔξιμεν·
1891 3888 2156 3972 πατέρα
2202 3885 2275 3951 δέ
2318 3912 2438 3971 μοι
2484 3886 2599 3966 δὸς

899 3978 1040 4063 Iph.
1088 3981 1234 4048 Aul.
1396 3984 1549 4049 385:
1596 3972 1639 4070 ἢ
1689 3982 1915 4051 δάκνει
1961 4009 2036 4053 σε
2080 3986 2156 4054 τὸ
2207 3987 2570 4076 φιλότιμον

1049 4129 1088 4165 ,,
1393 4086 1542 4151 3313
1597 4078 1741 4168 οὐχὶ
1788 4086 2011 4171 δεινὰ,
2054 4088 2172 4157 τὸν
2205 4088 2363 4175 ἐμὸν
2396 4091 2598 4161 οἰκεῖν
