3177 4960
626 312 750 371 260
1599 308 1757 377 Hugo
1792 307 1982 363 Jusatz

626 488 952 566 correptas
982 484 1049 548 in
1079 501 1517 549 monosemum
1547 483 1826 564 spatium
1859 487 2064 566 putes.
2134 477 2322 557 Quod
2355 481 2649 562 quamvis
2676 482 2897 548 comicis

626 585 896 654 concedi
967 585 1202 669 possit,
1279 590 1494 650 tamen
1561 603 1705 650 cum
1773 584 2160 667 tragicorum
2226 587 2362 647 arte
2428 601 2555 648 non
2623 585 2900 650 convenit.

627 687 901 756 Accedit
946 686 1120 769 quod
1164 687 1222 751 si
1267 686 1333 751 in
1379 685 1493 750 illa
1538 686 1970 767 explicatione
2015 684 2588 766 acquiesceremus,
2644 687 2900 768 quamvis

626 810 729 856 res
776 791 957 872 ipsae
1003 788 1370 866 intellectae
1402 794 1467 854 et
1495 788 1742 853 numeri
1773 788 2052 871 spatium
2097 792 2419 853 servatum
2467 794 2658 868 esset,
2701 793 2907 871 tamen,

628 892 1007 976 praesertim
1039 911 1181 958 cum
1215 892 1552 975 anapaesti
1583 890 1844 972 longam
1874 910 1915 956 a
1946 889 2208 955 comicis
2241 887 2558 954 interdum
2592 890 2758 956 solvi
2786 910 2911 956 con-

630 1000 754 1061 stet
801 992 1056 1072 (Christ.
1089 993 1298 1059 Metr.²
1328 1013 1389 1077 p.
1426 993 1605 1074 328),
1662 992 1875 1058 facere
1919 1011 2046 1058 non
2092 1011 2460 1075 possumus,
2521 993 2674 1075 quin
2724 993 2916 1075 legem

627 1096 1153 1178 Aristoxeneam,
1212 1114 1343 1178 qua
1400 1102 1653 1178 tempus
1708 1096 2015 1178 primum,
2077 1100 2379 1177 quantum
2424 1095 2624 1159 iambi
2669 1096 2796 1161 arsi
2836 1116 2923 1161 ra-

628 1200 854 1266 tionali
900 1199 1308 1283 exprimitur,
1366 1198 1648 1263 omnium
1694 1202 2081 1279 temporum,
2140 1215 2581 1279 quaecumque
2629 1197 2715 1262 ad
2758 1218 2926 1264 usum

630 1306 954 1385 spectant,
1016 1301 1345 1365 minimum
1410 1319 1552 1367 esse
1599 1300 1925 1382 statuitur,
1983 1299 2217 1365 falsam
2263 1318 2404 1366 esse
2452 1304 2517 1365 et
2562 1319 2707 1366 cum
2754 1301 2930 1366 rebus

626 1404 787 1487 ipsis
854 1422 981 1469 non
1050 1403 1395 1470 convenire
1464 1400 1913 1468 concedamus.
2018 1401 2261 1467 Ultima
2319 1406 2533 1467 autem
2591 1402 2703 1467 via
2756 1404 2930 1468 nobis

632 1507 753 1574 erit
810 1526 917 1588 ea,
976 1512 1045 1572 ut
1087 1511 1474 1589 anapaestos
1531 1504 1764 1569 iambis
1823 1504 2226 1569 intermixtos
2285 1504 2616 1569 trisemum
2664 1506 2931 1587 spatium

632 1608 948 1677 excedere
993 1613 1378 1690 statuamus,
1426 1607 1828 1689 correptione
1872 1612 2085 1672 autem
2130 1606 2294 1671 alius
2340 1606 2527 1689 pedis
2574 1607 2932 1673 universum

630 1711 898 1778 trimetri
944 1710 1207 1777 iambici
1245 1711 1524 1794 spatium
1572 1708 2020 1790 duodeviginti
2048 1728 2369 1774 morarum
2401 1710 2666 1774 servari.
2759 1708 2933 1788 Quod

627 1814 929 1881 accidere
973 1818 1217 1897 potest,
1275 1813 1330 1879 si
1378 1812 1615 1895 singuli
1661 1812 1766 1877 vel
1812 1812 2004 1895 pauci
2048 1812 2385 1894 anapaesti
2429 1812 2663 1878 iambis
2710 1811 2931 1880 admis-

633 1922 874 1997 centur,
920 1933 1046 1979 non
1093 1933 1279 1997 ver0,
1328 1915 1382 1980 si
1427 1915 1646 1997 plures
1691 1913 1998 1998 deinceps
2042 1918 2361 1997 ponuntur
2405 1919 2599 1996 atque
2644 1915 2831 1999 ade0‚
2875 1921 2934 1981 ut

633 2016 950 2083 interdum
1009 2014 1081 2081 fit
1136 2015 1310 2097 apud
1356 2016 1638 2082 comicos
1683 2018 1809 2094 (ex.
1856 2036 1949 2098 gr.
1996 2015 2189 2098 Vesp.
2238 2016 2423 2097 879),
2486 2022 2690 2083 totum
2736 2019 2933 2083 trime-

635 2126 802 2185 trum
851 2123 1125 2202 excepto
1170 2117 1342 2202 pede
1387 2118 1613 2184 ultimo
1661 2138 1742 2184 ex
1789 2118 2158 2201 anapaestis
2204 2120 2624 2202 componitur.

806 2221 1001 2304 Atqui
1032 2226 1419 2304 anapaestos
1463 2221 1765 2287 trimetris
1811 2222 2138 2287 immixtos
2169 2240 2391 2287 omnes
2435 2242 2564 2287 una
2606 2224 2934 2290 absolvere

633 2344 758 2391 non
811 2324 979 2390 licet.
1069 2322 1236 2388 Nam
1293 2342 1410 2406 per
1468 2343 1539 2390 se
1597 2323 1801 2405 liquet
1857 2324 2165 2390 interesse
2223 2324 2390 2389 inter
2433 2325 2821 2404 comicorum
2877 2327 2932 2391 in

632 2427 1002 2513 anapaestis
1075 2426 1493 2493 admittendis
1566 2426 1894 2493 licentiam
1962 2446 2044 2493 ex
2110 2426 2629 2509 pronuntiatione
2695 2428 2934 2512 vulgari

635 2538 838 2598 ortam
867 2532 907 2606 ¹)
969 2537 1033 2597 et
1089 2531 1473 2614 tragicorum
1528 2535 1766 2613 artem,
1827 2549 1955 2612 qua
1997 2535 2387 2615 anapaestus
2431 2531 2558 2597 nisi
2615 2532 2680 2596 in
2742 2532 2932 2616 primo

633 2633 801 2718 pede
848 2639 1075 2715 sponte
1120 2653 1248 2698 non
1308 2633 1598 2715 ponitur,
1656 2652 1697 2698 a
1743 2632 1973 2698 ceteris
2019 2651 2174 2698 vero
2234 2632 2508 2715 pedibus
2555 2634 2771 2717 abest,
2824 2634 2935 2699 nisi

633 2735 802 2802 inest
831 2735 897 2799 in
928 2734 1292 2800 nominibus
1323 2735 1622 2818 propriis.
1713 2734 1856 2800 Huc
1885 2740 2101 2799 autem
2131 2740 2428 2818 spectare
2457 2734 2617 2800 mihi
2652 2736 2936 2802 videntur

634 2839 844 2919 μέτρα
892 2827 1432 2921 ἆπεμφαίνοντα.
1524 2838 1624 2904 De
1670 2856 1939 2920 quorum
1967 2842 2215 2920 natura,
2263 2839 2559 2919 quamvis
2604 2839 2735 2904 loci
2781 2859 2934 2906 com·

636 2939 853 3023 plures
885 2944 1125 3021 extent,
1172 2944 1388 3005 tamen
1433 2939 1782 3007 dilucidius
1813 2940 1987 3006 solus
2026 2940 2220 3006 refert
2261 2939 2580 3007 Aristides
2626 2942 2694 3007 in
2740 2941 2936 3025 operis

636 3046 851 3125 parte,
911 3060 1112 3124 quae
1138 3047 1238 3108 est
1293 3040 1375 3108 de
1421 3043 1687 3109 metrica
1727 3063 1792 3127 p
1826 3047 1905 3107 57
1938 3041 2044 3107 fin.
2090 3043 2251 3108 Mb.:
2310 3042 2613 3108 καλεῖται
2675 3042 2749 3108 δέ
2802 3067 2937 3108 τινα

634 3145 893 3230 (μέτρα)
959 3143 1071 3208 καὶ
1143 3135 1690 3230 ἆπεμφαίνοντα,
1761 3135 1922 3211 όταν
1983 3141 2050 3210 ἐν
2103 3156 2247 3221 τοῖς
2309 3147 2665 3222 συνθέτοις
2723 3147 2933 3222 ποσὶν,

634 3237 809 3313 ὅπου
863 3251 1058 3334 χρεία
1114 3251 1462 3333 βραχείας,
1519 3246 1739 3333 μακρὰ
1797 3247 2256 3334 παραληφθῇ,
2316 3239 2372 3331 ᾦ
2431 3271 2606 3324 τινες
2666 3250 2778 3315 καὶ
2815 3249 2939 3313 τῶν

636 3344 930 3434 ἀρχαίων
987 3353 1334 3435 κέχρηνται
1402 3347 1515 3417 διὰ
1570 3348 1690 3431 τὴν
1748 3352 1880 3415 τῶν
1949 3343 2295 3432 ὀνομάτων
2362 3342 2671 3438 ἀνάγκην.
2772 3353 2939 3432 Quae

571 3450 578 3459 '
636 3455 691 3520 si
721 3459 896 3520 recte
941 3454 1269 3538 intellego,
1316 3456 1526 3535 μέτρα
1560 3445 2079 3538 ἂπεμφαίνοντα
2108 3474 2238 3520 non
2272 3460 2419 3520 sunt
2448 3461 2657 3522 metra
2703 3456 2937 3540 clauda,

638 3554 722 3622 ad
767 3574 935 3639 quae
965 3555 1209 3621 rettulit
1238 3555 1502 3623 Rufinus
1535 3558 1622 3640 (p.
1657 3559 1801 3640 559,
1835 3559 1914 3620 25
1947 3558 2073 3639 Κ.),
2098 3575 2238 3623 0nec
2282 3561 2503 3640 metra,
2551 3578 2719 3641 quae
2762 3554 2938 3643 παρὰ

825 3739 872 3802 1)
908 3734 1064 3790 Unde
1102 3737 1231 3791 item
1266 3737 1491 3794 fluxisse
1542 3739 1756 3795 videtur
1792 3744 2214 3810 anapaestorum
2262 3740 2318 3794 in
2352 3739 2660 3796 fabularum
2696 3741 2937 3811 satyrica-

636 3837 754 3875 rum
806 3820 1064 3875 trimetris
1112 3837 1262 3878 usus.
1334 3823 1521 3893 Neque
1566 3826 1707 3879 enim
1749 3824 1974 3880 inveniri
2026 3830 2378 3896 anapaestum
2423 3825 2563 3880 nisix
2586 3827 2644 3880 in
2694 3826 2938 3891 versibus,

636 3906 729 3973 qui
765 3906 1009 3976 personis
1049 3906 1424 3964 lascivioribus
1460 3911 1625 3972 (velut
1653 3910 1852 3979 Sileno,
1891 3910 2131 3981 Cyclopi,
2172 3912 2336 3966 choro
2375 3915 2682 3981 satyrorum
2716 3912 2768 3966 in
2791 3909 2939 3964 Euri-

635 3990 776 4061 pidis
804 3991 1058 4061 Cyclope)
1081 3991 1412 4060 tribuuntur,
1451 3996 1644 4051 abesse
1681 4011 1715 4050 a
1737 3995 2172 4064 generosioribus
2198 4001 2397 4069 „notum
2422 4002 2507 4051 est
2543 3997 2635 4063 (cf.
2661 3996 2934 4050 Hermann.

634 4077 806 4147 praef.
835 4076 906 4131 ad
933 4075 1079 4146 Cycl.
1116 4093 1170 4147 p.
1198 4077 1344 4144 XII).
