3177 4960
631 307 753 368 316
1594 302 1751 372 nugo
1784 302 1976 357 Jusatz

625 487 810 567 repta
865 484 1032 562 erat3
1089 477 1230 545 sive
1286 476 1499 560 potius
1513 525 1530 559 ,
1588 476 1767 560 prius
1823 477 2019 560 longa
2075 483 2372 561 correpta
2430 484 2560 562 est,
2620 482 2692 543 ut
2733 479 2951 563 spatio

628 582 876 651 numeri
934 580 1231 662 iambici,
1290 598 1415 663 quo
1473 578 1648 645 arsin
1703 578 1968 646 brevem
2010 599 2154 647 esse
2199 580 2509 664 exigitur,
2570 600 2766 664 quam
2812 601 2952 647 ma-

629 688 805 753 xime
847 683 1220 765 accederet,
1278 679 1514 748 deinde
1559 686 1783 747 secuta
1825 687 1924 747 est
1979 682 2195 750 brevis
2240 684 2567 766 sequentis
2623 683 2756 750 ictu
2800 702 2950 769 per·

631 806 859 856 cussae
902 784 1261 870 productio.
2370 787 2381 796 '

1381 881 2205 930 -vuu-'uH-—va-Luss

632 1180 855 1262 Itaque
899 1195 1202 1244 numerus
1256 1175 1571 1243 iambicus
1618 1195 1653 1243 e
1698 1176 1912 1260 priore
1956 1184 2164 1243 metro
2209 1177 2277 1241 in
2321 1177 2642 1260 posterius
2686 1177 2949 1262 irrepsit

634 1285 702 1348 et
750 1280 1145 1367 temporibus
1205 1279 1455 1346 duobus
1500 1279 1773 1345 inversis
1818 1279 1926 1346 vel
1967 1297 2179 1364 paene
2222 1280 2495 1347 inversis
2541 1299 2624 1347 ex
2666 1280 2947 1366 pedibus

632 1383 880 1450 duobus
927 1383 1137 1468 spatio
1182 1381 1407 1465 aequis
1453 1381 1609 1448 fecit
1653 1381 1924 1464 iniquos.
2013 1380 2198 1448 Idem
2256 1383 2572 1450 accidisse
2618 1384 2834 1467 cogita
2887 1386 2946 1450 in

633 1487 948 1555 telesilleo
992 1486 1199 1553 tertio.
1289 1484 1364 1550 In
1401 1483 1578 1567 quod
1622 1503 1924 1550 numerus
1968 1484 2281 1552 iambicus
2325 1483 2658 1553 influxisse
2703 1485 2944 1553 diutius

635 1590 919 1675 videtur,
978 1589 1070 1655 ita
1112 1594 1182 1655 ut
1237 1588 1466 1654 tertiae
1522 1604 1779 1670 quoque
1834 1592 2229 1671 quartaeque
2281 1587 2456 1656 sedis
2516 1594 2809 1672 tempora
2855 1590 2944 1654 in·

632 1698 929 1761 verteret.

1370 1770 2209 1818 -uuu-'uE—L-Luuss

1453 1896 1467 1910 ,
1496 1896 1510 1910 ,
1552 1854 2211 1906 υ-ὐἑῐέιιέιλυυ-’ἶ

1455 1982 1509 1997 ,ο
1552 1941 2217 1988 ψέυῌυέψ-ῙυψῙ-ζ,

637 2068 713 2132 In
756 2067 1074 2151 glyconeo
1106 2083 1262 2131 vero
1294 2064 1497 2130 altero
1539 2064 1813 2131 creticus
1855 2082 2176 2147 numerus,
2222 2064 2333 2147 qui
2378 2064 2444 2130 in
2488 2064 2720 2150 prioris
2766 2066 2943 2132 metri

636 2168 762 2235 fine
806 2168 1018 2235 inesse
1064 2167 1351 2249 videtur,
1413 2166 1673 2249 irrepsit
1716 2167 1783 2231 in
1826 2165 2147 2250 posterius
2192 2167 2314 2252 ita,
2376 2172 2450 2232 ut
2491 2168 2766 2233 alteram
2815 2168 2942 2234 eius

637 2271 859 2339 sedem
890 2289 928 2337 e
958 2270 1153 2353 longa
1181 2270 1248 2335 in
1276 2269 1540 2336 brevem
1571 2275 1868 2352 verteret,
1903 2269 2176 2351 tertiam,
2220 2274 2292 2334 ut
2319 2287 2488 2352 quae
2518 2270 2584 2335 in
2614 2269 2786 2353 pede
2820 2290 2942 2338 cre-

638 2375 762 2442 tico
807 2375 1178 2461 percutitur,
1230 2372 1632 2457 produceret.

637 2801 712 2866 In
755 2801 1071 2884 glyconeo
1102 2805 1315 2867 autem
1363 2800 1550 2866 tertio
1598 2818 1898 2867 numerus
1944 2798 2269 2881 bacchius,
2317 2800 2428 2882 qui
2459 2805 2731 2866 metrum
2773 2801 2943 2885 prius

642 2901 1231 2988 hypercatalectum
1270 2901 1574 2970 claudere
1607 2901 1882 2985 videtur,
1928 2900 2182 2968 influxit
2228 2902 2294 2967 in
2339 2901 2529 2969 sedes
2574 2904 2759 2970 metri
2804 2922 2945 2987 pos·

642 3003 895 3073 terioris
973 3004 1398 3087 insequentes.
1508 3005 1582 3070 In
1660 3010 1952 3088 quartam
2018 3024 2174 3071 vero
2242 3003 2463 3071 sedem
2532 3011 2598 3072 et
2668 3006 2945 3089 quintam

640 3126 856 3177 rursus
901 3125 1200 3174 numerus
1245 3106 1561 3187 iambicus
1608 3108 1891 3175 valuisse
1936 3106 2192 3174 videtur
2225 3127 2261 3174 e
2306 3107 2606 3175 telesillei
2638 3109 2735 3173 III
2779 3108 2945 3175 simi-

638 3211 928 3280 litudine.

1304 3290 1838 3360 --υ-υψΙαΗ-
1880 3292 2305 3338 ..L-vunnu

1843 3330 1860 3360 ι

1558 3417 1570 3430 .
1602 3417 1615 3431 .
1665 3375 2304 3445 υ-’Ζ-,ἐαλ-υυυῌ

1306 3502 1613 3520 ····.·.·
1662 3463 2307 3531 VE-‚QL-kdwuss

1546 3587 1603 3603 ,.
1652 3548 1844 3616 υῌ-,
1875 3549 2307 3600 υ-’ἐκιυυῌ

1659 3658 1700 3680 ψ
1720 3636 1767 3677 L!
1789 3664 1831 3672 -
1877 3654 1922 3681 υ
1947 3635 1982 3674 L
2011 3655 2053 3680 ψ
2073 3664 2116 3673 -.
2134 3654 2178 3679 ψ
2195 3652 2239 3680 ψ
2259 3634 2305 3675 Δ

640 3755 742 3823 Ab
773 3753 895 3822 hoc
927 3756 1099 3822 enim
1142 3761 1345 3823 metro
1390 3756 1925 3841 proficiscendum
1970 3763 2087 3840 est,
2134 3756 2378 3841 quippe
2424 3754 2616 3840 quod,
2664 3754 2945 3839 quamvis

640 3859 933 3925 absolute
964 3878 1005 3924 a
1033 3859 1494 3944 posterioribus
1540 3859 1802 3927 demum
1846 3860 2076 3944 poetis,
2122 3865 2193 3926 ut
2237 3857 2513 3942 videtur,
2559 3862 2944 3942 usurpatum,

640 3968 853 4031 tamen
898 3981 1041 4028 cum
1087 3961 1390 4031 membris
1436 3962 1731 4029 iambicis
1774 3962 2203 4030 trochaicisve
2250 3961 2659 4029 coniunctum
2702 3980 2741 4027 a
2770 3963 2944 4024 vetu-

641 4063 936 4133 stissimis
981 4065 1203 4149 lyricis
1246 4064 1531 4148 aeolicis,
1576 4064 1820 4132 Alcaeo
1866 4071 1931 4132 et
1974 4063 2263 4149 Sappho,
2309 4065 2394 4131 sit
2436 4062 2804 4132 adhibitum.
