3177 4960
615 334 738 392 220
1566 330 1725 400 Hugo
1760 330 1794 385 J
1797 334 1950 384 usatz

617 528 759 576 esse
789 508 1037 575 conicio
1068 505 1443 581 (secundum
1475 504 1555 571 el.
1590 503 1793 570 harm.
1826 522 1888 586 p.
1925 506 2026 587 72,
2061 503 2098 565 8
2122 501 2344 584 qu.),
2389 500 2481 564 ita
2508 497 2712 582 pedes
2745 496 2917 578 cogi-

613 618 750 677 tare
792 629 1131 696 possumus
1162 614 1356 692 atque
1388 607 1682 674 extitisse
1712 612 1939 688 postea
1968 621 2448 687 cognoscemus,
2481 601 2614 683 qui,
2662 619 2804 665 cum
2836 617 2921 663 ex

612 713 1088 780 irrationalibus
1150 710 1546 794 temporibus
1607 714 2096 793 componantur,
2168 711 2382 771 tamen
2438 722 2565 768 non
2625 700 2920 767 dicantur

614 807 865 898 ἄλογοι.

785 915 966 994 Quae
1012 936 1156 984 cum
1200 917 1291 981 ita
1320 917 1467 998 sint,
1512 933 1591 980 ea
1620 912 1859 997 pedum
1897 911 2357 978 irrationalium
2388 907 2701 989 definitio,
2747 923 2920 990 quae

613 1021 778 1085 inter
823 1015 1156 1105 διαφορὰς
1201 1013 1486 1093 ποὸικὰς
1530 1022 1779 1100 septem
1825 1022 1922 1081 est
1952 1015 2142 1080 tertia
2185 1014 2274 1090 (in
2306 1011 2630 1094 excerptis
2660 1008 2923 1074 maiori-

613 1123 732 1188 bus
778 1128 842 1188 et
885 1122 1248 1203 Psellianis,
1294 1119 1470 1204 apud
1500 1118 1832 1186 Aristiden
1875 1119 2146 1202 quarta),
2191 1122 2302 1182 aut
2330 1114 2518 1180 nimis
2550 1117 2663 1178 aut
2688 1131 2925 1198 parum

613 1225 745 1291 late
788 1232 1011 1309 patere
1058 1224 1333 1291 videtur.
1421 1224 1582 1290 Tres
1614 1224 1785 1289 enim
1830 1219 2293 1287 irrationalium
2338 1223 2699 1300 temporum
2746 1234 2922 1279 com-

612 1327 962 1409 positiones
1006 1325 1442 1414 (συστήματα)
1487 1326 1757 1408 cogitari
1798 1330 2094 1409 possunt:

876 1435 931 1493 1.
978 1422 1171 1511 ἄρσις
1217 1422 1456 1512 ἄλογος
1501 1424 1675 1508 πρὸς
1717 1430 1918 1491 θέσιν
1964 1420 2164 1512 ῥητὴν
2210 1421 2329 1501 (iz-¹
2359 1422 2466 1487 vel
2500 1421 2631 1497 ἑὲ),

869 1534 928 1595 2.
974 1535 1173 1608 θέσις
1218 1526 1457 1614 ὂὶλογος
1503 1527 1676 1614 πρὸς
1722 1522 1917 1614 ἄρσιν
1963 1524 2161 1614 ῥητὴν
2206 1523 2462 1604 (’,Ᾰ”’ν61
2486 1521 2628 1603 2²¹2),

870 1638 929 1700 3.
975 1628 1171 1717 ἄρσις
1214 1627 1456 1719 ἄλογος
1498 1633 1610 1698 καὶ
1665 1635 1864 1707 θέσις
1921 1624 2162 1712 ἄλογος
2205 1632 2327 1708 (Lx
2353 1629 2629 1703 vele).

783 1735 856 1802 Si
884 1738 1079 1820 igitur
1121 1738 1324 1803 verba
1354 1736 1744 1802 definitionis
1788 1731 1905 1798 τὸν
1937 1726 2075 1797 ἅνω
2100 1729 2337 1816 χρόνον
2383 1726 2558 1813 πρὸς
2588 1724 2707 1793 τὸν
2738 1723 2925 1790 κάτω

610 1833 698 1921 μὴ
747 1832 920 1902 εἶναι
965 1836 1164 1924 ῥητὸν
1219 1839 1533 1904 latissime
1577 1843 1800 1921 patere
1845 1837 2178 1903 statuimus
2235 1836 2342 1911 (=
2386 1828 2470 1896 τὰ
2517 1833 2684 1915 μέρη
2737 1827 2925 1894 ἐστὶν

614 1938 820 2020 αλογα
863 1936 1038 2022 πρὸς
1083 1932 1389 2026 ἄλληλα),
1444 1959 1663 2005 omnes
1709 1946 1837 2005 tres
1880 1938 2131 2021 species
2176 1936 2271 2002 eis
2316 1935 2762 2019 excipiuntur;
2824 1932 2928 1998 sin

610 2046 824 2106 autem
870 2040 1102 2125 thesin,
1148 2041 1235 2107 ad
1267 2062 1459 2125 quam
1491 2041 1812 2108 confertur
1840 2041 2021 2124 arsis,
2067 2045 2257 2105 antea
2288 2036 2619 2104 definitam
2667 2031 2925 2121 (ῥητὴν)

612 2160 756 2207 esse
812 2143 1226 2210 subaudimus
1270 2177 1353 2188 —
1397 2151 1467 2209 111
1509 2142 2020 2210 subaudiendum
2081 2147 2179 2207 est
2234 2141 2300 2206 in
2344 2140 2561 2224 priore
2613 2139 2732 2203 illo
2776 2138 2927 2203 loco

612 2236 671 2318 (ὃ
720 2239 846 2328 γὰρ
889 2246 1195 2321 τοιοῦτος
1239 2242 1411 2321 ποὺς
1458 2238 1698 2328 ἄλογον
1742 2242 1862 2327 μὲν
1910 2242 2039 2319 ἕξει
2082 2239 2157 2308 τὸ
2208 2235 2346 2307 ἅνω
2390 2237 2566 2322 πρὸς
2612 2235 2689 2304 τὸ
2741 2235 2925 2303 κάτω

611 2338 770 2428 [scil.
819 2342 1017 2432 ῥητὸν
1065 2356 1130 2414 61
1175 2344 1508 2433 ὁίσημον])
1550 2383 1652 2431 -,
1698 2347 1785 2413 ad
1830 2346 2290 2412 irrationalium
2334 2350 2702 2427 temporum
2752 2362 2927 2408 com-

609 2448 965 2531 positorum
1011 2452 1295 2535 speciem
1326 2453 1600 2535 primam
1645 2457 1889 2517 tantum
1937 2448 2255 2533 spectabit
2284 2444 2594 2513 definitio.
2690 2443 2843 2523 Qua
2871 2445 2927 2511 si

609 2552 878 2619 alteram
924 2556 1208 2638 speciem
1253 2553 1713 2638 comprehendi
1759 2553 2067 2620 voluisset
2109 2552 2392 2616 musicus
2437 2549 2925 2629 subtilissimus,

605 2673 734 2719 non
778 2654 1021 2736 dubitO,
1067 2658 1221 2739 quin
1265 2643 1694 2741 addidisset&
1728 2652 1843 2720 τὸν
1888 2650 2068 2718 κάτω
2108 2648 2345 2737 χρόνον
2392 2648 2568 2737 πρὸς
2612 2646 2736 2716 τὸν
2786 2643 2924 2715 ἅνω

607 2757 744 2821 scil.
789 2754 879 2840 μὴ
930 2752 1103 2822 εἶναι
1159 2755 1378 2843 ῥητόν.
1469 2758 1601 2824 Sed
1654 2778 1734 2823 ea
1790 2756 2152 2840 supplenda
2209 2774 2352 2822 esse
2405 2775 2535 2820 non
2592 2753 2921 2836 videntur,

607 2858 908 2938 quoniam
967 2866 1032 2924 et
1087 2860 1169 2925 ab
1221 2862 1507 2943 utrisque
1561 2860 1883 2945 excerptis
1940 2858 2172 2925 absunt
2228 2875 2442 2940 neque
2495 2856 2582 2922 ab
2631 2855 2923 2922 Aristide

608 2965 695 3038 (p.
731 2959 811 3021 34
842 2959 968 3025 Mb.
1016 2988 1100 3010 =
1147 2965 1247 3045 51,
1299 2967 1367 3026 11
1405 2962 1536 3028 W.:
1600 2959 1877 3047 τετάρτη
1935 2953 1974 3045 ἡ
2021 2960 2155 3023 τῶν
2214 2957 2462 3045 ῥητῶν,
2532 2949 2627 3022 ὧν
2689 2954 2924 3039 ἔχομεν

607 3054 803 3140 λόγον
861 3058 1078 3126 εἰπεῖν
1139 3064 1283 3148 τῆς
1343 3058 1662 3147 ἅρσεως
1726 3061 1940 3145 πρὸς
1995 3058 2139 3148 τὴν
2194 3063 2472 3137 θέσιν)
2542 3062 2720 3127 lecta
2778 3077 2922 3126 esse

601 3168 892 3243 apparet.

773 3267 871 3331 Ac
926 3267 1215 3351 profecto
1275 3269 1628 3335 verisimile
1685 3275 1783 3335 est
1836 3267 2074 3350 pedum
2129 3266 2596 3332 irrationalium
2659 3266 2923 3331 unicam

603 3366 886 3447 speciem
933 3369 1131 3436 fuisse
1177 3371 1452 3453 primam
1484 3371 1685 3454 illam,
1731 3389 1897 3452 quae
1931 3370 2061 3436 arsi
2092 3369 2289 3433 utitur
2319 3368 2701 3448 irrationali,
2750 3365 2926 3431 thesi

601 3470 933 3553 rationali3
993 3473 1276 3538 secunda
1320 3479 1534 3538 autem
1579 3477 1926 3555 propterea
1967 3491 2093 3535 non
2138 3469 2499 3552 respicitur,
2547 3468 2723 3551 quod
2771 3487 2922 3533 nus—

604 3590 799 3653 quam
841 3572 995 3638 facit
1039 3572 1294 3658 pedem,
1342 3574 1456 3639 sed
1484 3569 1721 3657 χρόνον
1752 3571 2213 3659 ῥυθμοποιίας
2255 3568 2470 3652 ἰ’ὁιον,·
2513 3572 2708 3638 tertia
2737 3590 2923 3652 ver0,

604 3673 901 3754 quamvis
946 3674 1029 3739 sit
1073 3674 1139 3738 in
1174 3674 1411 3756 pedum
1443 3694 1726 3757 numero,
1773 3695 1898 3740 non
1943 3680 2041 3740 est
2084 3693 2201 3757 pes
2232 3665 2496 3758 ἄλογος,
2544 3672 2665 3740 sed
2694 3666 2925 3758 ῥητὰς,

605 3772 1128 3856 quandoquidem
1173 3775 1329 3841 bina
1373 3783 1661 3859 tempora
1705 3776 2103 3841 irrationalia
2147 3780 2395 3841 tantum
2425 3776 2735 3859 temporis
2763 3792 2923 3855 spa-

600 3876 761 3942 tium
808 3896 1142 3942 commune
1187 3874 1445 3959 habent,
1492 3883 1797 3959 quantum
1834 3877 2175 3942 rationalia
2202 3877 2376 3958 bina,
2425 3896 2510 3943 ex
2542 3877 2771 3961 quibus
2803 3876 2928 3940 vel

601 3977 900 4061 augendo
944 3977 1051 4043 vel
1097 3977 1528 4044 deminuendo
1574 3984 1715 4045 orta
1750 3984 1913 4062 sunt,
1960 3980 2000 4043 i.
2035 3999 2091 4044 e.
2134 3975 2374 4062 χρόνον
2421 3986 2487 4044 61
2516 3972 2798 4042 ποὸικὸν
2852 3983 2928 4041 61

600 4077 820 4168 ῥητόν.
910 4080 1144 4146 Verum
1201 4080 1285 4145 de
1343 4081 1436 4145 cis
1481 4085 1710 4163 postea
1764 4081 2141 4146 accuratius.
2231 4080 2360 4162 Agi
2413 4087 2633 4146 autem
2677 4081 2743 4143 in
2783 4083 2925 4144 ter-
