3177 4960
910 352 994 406 De
1026 352 1442 408 irrationalitate
1476 353 1656 408 studia
1692 352 2010 423 rhythmica.
2495 356 2616 416 193

295 526 382 592 ab
415 525 542 591 hoc
585 526 727 592 solo
772 524 1154 610 docemur,¹)
1201 527 1379 592 velut
1422 527 1487 590 in
1516 527 1766 592 ratione
1810 525 2051 609 pedum
2096 530 2616 611 compositorum.

295 630 608 693 Attamen
653 628 910 694 unicam
952 628 1119 694 inter
1162 628 1622 694 Aristoxenum
1668 633 1733 693 et
1760 628 2090 695 Aristiden
2128 628 2616 713 dissensionem,

297 749 469 812 quae
501 729 842 796 manifeste
874 728 1276 812 deprehendi
1305 730 1517 813 liceat,
1548 748 1676 795 non
1697 730 2051 813 perspexit,
2085 730 2232 797 dico
2257 750 2420 815 eam,
2451 753 2617 816 quae

297 837 395 897 est
441 831 529 897 de
574 831 968 915 temporibus
1013 832 1453 915 incompositis
1500 837 1563 897 et
1608 833 1981 916 compositis
2028 829 2199 914 (Rh³.
2245 855 2308 918 p.
2342 837 2423 899 90
2452 855 2617 919 sqq.,

296 935 584 1000 maxime
627 955 692 1018 p.
724 929 854 1014 93).
929 933 1233 1000 Confudit
1276 934 1445 1000 enim
1491 934 1725 1000 mirum
1754 934 1821 998 in
1849 935 2109 1001 modum
2144 937 2475 1020 utriusque
2518 958 2620 1003 ra-

295 1037 529 1119 tiones,
577 1037 669 1101 ita
698 1041 766 1101 ut
794 1055 918 1101 nec
952 1036 1195 1119 legenti
1239 1037 1693 1119 intellegantur
1724 1041 1787 1102 et
1815 1036 2112 1120 scriptori
2142 1038 2269 1121 ipsi
2315 1040 2619 1107 obscuras

293 1138 501 1205 fuisse
544 1139 962 1222 suspicemur.

473 1240 860 1307 Perversum
907 1245 1125 1306 autem
1168 1239 1329 1305 mihi
1360 1239 1618 1305 videtur
1661 1240 1744 1306 de
1775 1239 2079 1307 Aristidis
2123 1241 2407 1310 fontibus
2452 1245 2617 1311 iudi-

298 1362 471 1426 care,
517 1343 893 1426 priusquam
923 1340 1289 1426 rhythmica
1318 1341 1617 1408 doctrina
1646 1342 2037 1422 Aristoxeni,
2085 1349 2399 1426 quatenus
2425 1347 2617 1433 licet,

299 1445 600 1511 restituta
656 1445 758 1510 sit.
862 1442 1078 1510 Satius
1140 1463 1295 1510 vero
1356 1443 1522 1510 duco
1591 1445 1848 1527 singula
1902 1445 2208 1512 Aristidis
2262 1456 2618 1533 praecepta

297 1552 603 1614 accurate
636 1546 924 1613 conferre
956 1566 1099 1612 cum
1130 1546 1505 1613 Aristoxeni
1535 1546 1912 1631 rationibus,
1946 1567 2158 1632 quam,
2190 1548 2259 1614 id
2291 1550 2462 1632 quod
2496 1552 2620 1617 viri

300 1648 477 1715 docti
507 1648 800 1731 plerique
846 1646 1309 1732 (Westphalius
1341 1647 1548 1714 Metr.¹
1578 1649 1785 1732 praef.
1818 1669 1882 1732 p.
1915 1648 2054 1732 XL,
2091 1649 2235 1714 Rh.¹
2267 1672 2329 1735 p.
2368 1655 2443 1714 13
2475 1673 2616 1736 sqq.

307 1753 430 1815 124
460 1770 603 1833 sqq.
634 1751 832 1833 alias3
862 1749 1134 1816 Weilius
1165 1750 1232 1814 in
1264 1750 1476 1815 annal.
1502 1749 1663 1833 phil.
1697 1749 1814 1816 XC
1844 1771 1907 1834 p.
1935 1752 2058 1816 649
2084 1770 2257 1834 sqq.;
2291 1751 2620 1821 Susemihl

303 1854 366 1917 in
417 1852 546 1917 ind.
593 1854 739 1918 lect.
785 1851 1155 1936 Gryphisw.
1206 1852 1434 1930 1866s7
1466 1873 1529 1936 p.
1566 1854 1670 1925 12)
1715 1852 2022 1935 fecerunt,
2068 1859 2270 1919 totum
2317 1875 2617 1940 compen-

480 2074 530 2136 1)
565 2069 833 2124 Paeonem
859 2069 1152 2138 epibatum,
1179 2082 1338 2138 quem
1359 2069 1418 2124 in
1440 2068 1810 2138 incompositis
1834 2068 2065 2138 pedibus
2089 2076 2339 2127 numerat
2355 2074 2621 2133 Aristides

303 2162 378 2226 (p.
408 2160 490 2221 58,
520 2158 584 2210 12
601 2155 728 2222 W.)‚
766 2169 835 2209 ex
858 2154 1170 2211 Aristoxeni
1204 2155 1415 2210 ratione
1452 2154 1811 2224 compositum
1843 2169 1962 2210 esse
1986 2155 2224 2211 decrevit
2246 2157 2621 2228 Westphalius

301 2243 459 2306 (Rh.³
493 2258 550 2310 p.
589 2244 735 2310 251);
783 2242 976 2297 contra
1019 2241 1250 2306 ionicos‚
1303 2256 1437 2308 quos
1473 2241 1739 2296 Aristides
1782 2244 1856 2309 (p.
1885 2245 1968 2306 55,
1993 2245 2046 2305 6)
2095 2244 2423 2311 compositos
2472 2247 2621 2315 dicit,

301 2326 679 2395 Westphalius
715 2325 1089 2394 incompositis
1125 2325 1484 2394 adscripsisse
1507 2327 1895 2380 Aristoxenum
1931 2327 2190 2395 opinatur
2225 2327 2380 2391 (Rh.³
2402 2346 2456 2398 p.
2488 2336 2621 2398 102),

302 2413 557 2467 nimirum
582 2412 726 2480 quod
748 2411 795 2465 is
820 2410 1009 2479 pedem
1035 2410 1297 2466 disemum
1321 2426 1355 2465 a
1378 2411 1790 2480 rhythmopoeia
1817 2411 2074 2466 continua
2095 2412 2432 2468 exclusisset.
2480 2414 2623 2470 Nam

302 2515 428 2553 cum
462 2497 655 2567 pedem
689 2497 832 2552 idem
867 2497 972 2552 sibi
1005 2498 1140 2552 velle
1185 2497 1330 2566 quod
1372 2501 1610 2562 tactum,
1659 2511 1815 2565 quem
1863 2495 2113 2563 dicimus,
2163 2497 2508 2566 opinaretur,
2554 2517 2620 2557 eo

300 2584 564 2639 inductus
598 2589 681 2638 est
715 2582 869 2647 (Βῑι.8
891 2598 946 2651 p.
974 2586 1110 2650 202),
1148 2588 1210 2637 ut
1234 2583 1478 2637 crederet
1510 2582 1676 2650 pedes
1716 2582 2044 2650 compositos
2079 2597 2192 2637 non
2231 2588 2482 2639 constare
2514 2588 2623 2643 nisi

301 2684 371 2724 ex
405 2668 486 2724 eis
520 2668 770 2737 pedibus,
806 2667 898 2737 qui
931 2668 1017 2722 vel
1039 2684 1136 2736 per
1160 2683 1220 2722 se
1243 2672 1492 2736 spectent
1516 2666 1588 2721 ad
1622 2665 2090 2736 rhythmopoeiam
2127 2667 2456 2724 continuam.
2519 2672 2621 2726 At-

303 2771 411 2824 que
445 2754 503 2808 in
536 2754 641 2807 hac
683 2754 803 2822 ipsa
836 2768 898 2807 re
932 2753 1226 2808 abscedere
1272 2753 1342 2808 ab
1379 2752 1694 2806 Aristoxeni
1745 2752 1994 2807 doctrina
2028 2751 2322 2807 Aristiden.
2395 2755 2538 2811 Sane
2572 2758 2622 2814 is

300 2839 853 2908 proceleusmaticum
889 2838 1201 2907 simplicem,
1237 2838 1275 2892 i.
1303 2853 1350 2892 e.
1386 2836 1757 2907 pyrrhichium
1780 2837 1835 2890 in
1860 2837 2141 2907 rhythmis,
2177 2838 2212 2892 i.
2238 2853 2285 2893 e.
2311 2839 2368 2893 in
2392 2842 2622 2909 pedibus

301 2924 750 2994 rhythmopoeiae
798 2924 1090 2979 continuae
1123 2923 1314 2987 habet,
1363 2923 1459 2978 sed
1494 2922 1550 2977 id
1584 2922 1851 2991 peculiari
1884 2923 1998 2976 eius
2043 2937 2227 2978 errore
2259 2924 2468 2980 factum
2504 2943 2624 2983 esse

303 3010 488 3065 elucet
510 3024 542 3063 e
564 3009 858 3064 Martiano.
919 3009 1083 3078 Apud
1118 3010 1264 3062 hunc
1289 3008 1431 3063 enim
1465 3010 1550 3062 est
1584 3012 1657 3077 (p.
1691 3010 1833 3071 194):
1872 3007 2052 3075 Quare
2083 3010 2622 3079 proceleusmaticus,

305 3096 400 3164 qui
435 3095 509 3150 ad
531 3109 785 3150 numeros
820 3097 1060 3163 aptatur,
1097 3094 1202 3165 (a)
1237 3094 1580 3163 quadrisemo
1618 3093 1896 3149 exordium
1932 3093 2093 3148 debet
2126 3097 2394 3163 accipere.
2466 3098 2625 3166 Quod

302 3186 497 3249 aperte
533 3178 785 3235 convenit
819 3194 944 3234 cum
967 3179 1280 3234 Aristoxeni
1315 3179 1494 3234 verbis
1529 3184 1604 3248 (p.
1632 3182 1731 3233 302
1755 3178 1895 3234 Mor.
1924 3206 1989 3225 =
2015 3182 2097 3246 36,
2129 3184 2190 3234 16
2211 3196 2329 3249 sqq.
2350 3182 2475 3246 W.)‚
2537 3183 2621 3239 Cf.

304 3266 407 3332 frg.
444 3266 697 3320 Ambros.
733 3281 789 3334 p.
814 3265 957 3320 4K.:
1009 3254 1180 3330 οὗτος
1214 3265 1275 3321 δὲ
1313 3260 1344 3320 ὃ
1382 3263 1685 3337 πυῤῥίχιος
1718 3259 1867 3321 κατὰ
1906 3255 2058 3319 πόδα
2092 3263 2200 3332 μὲν
2237 3259 2305 3322 οὐ
2338 3268 2624 3336 βαίνεται,

305 3347 396 3408 διὰ
440 3346 510 3407 τὸ
556 3348 929 3408 κατάπυκνον
975 3350 1247 3422 γενέσθαι
1295 3345 1400 3422 τὴν
1440 3351 1617 3423 βάσιν
1662 3352 1759 3406 καὶ
1805 3354 2142 3420 συγχεῖσθαι
2185 3344 2289 3420 τὴν
2338 3347 2620 3426 αἴσθησιν.

303 3438 502 3504 Itaque
543 3437 600 3490 in
649 3436 841 3491 ceteris
891 3452 1104 3505 quoque
1138 3435 1397 3490 Martiani
1440 3434 1648 3491 fontem
1693 3434 1992 3489 declinasse
2033 3435 2102 3489 ab
2138 3434 2465 3492 Aristoxeno
2512 3456 2624 3496 non

308 3527 735 3577 consentaneum
772 3527 873 3590 est,
909 3522 1055 3590 quod
1089 3522 1252 3590 paulo
1286 3526 1416 3575 ante
1451 3521 1516 3575 de
1552 3519 1863 3590 pyrrhichio
1899 3519 2171 3575 disserens
2206 3521 2373 3577 idem:
2408 3523 2467 3577 in
2495 3540 2622 3593 per-

306 3605 568 3661 mixtione
601 3621 736 3660 vero
751 3646 766 3672 ,
813 3606 1014 3674 inquit,
1059 3606 1286 3660 aliorum
1322 3605 1519 3674 pedum
1533 3645 1546 3669 ,
1597 3605 1690 3673 qui
1724 3604 1993 3672 longiores
2028 3608 2308 3674 ponuntur
2321 3648 2336 3673 ‚
2372 3607 2625 3665 decenter
2654 3609 2657 3613 ’

307 3696 550 3760 aptatur,
586 3696 648 3744 ut
669 3690 886 3746 illorum
911 3691 1176 3760 prolixam
1199 3705 1406 3746 moram
1438 3690 1830 3745 interveniente
1854 3704 1955 3744 sua
1979 3691 2258 3746 celeritate
2292 3699 2621 3763 compenset.

308 3777 467 3845 Quod
501 3776 712 3832 ionicos
758 3782 1006 3843 spectare
1050 3774 1393 3831 manifestum
1428 3778 1529 3829 est.
1598 3775 1792 3844 Itaque
1836 3791 2160 3844 persuasum
2206 3777 2335 3831 mihi
2382 3784 2468 3833 est
2500 3779 2624 3834 Ari·

308 3870 614 3929 stoxenum,
653 3861 896 3930 quamvis
932 3862 1301 3932 pyrrhichium
1320 3877 1355 3916 a
1379 3861 1791 3930 rhythmopoeia
1817 3862 2077 3917 continua
2099 3863 2408 3929 excluserit,
2441 3868 2624 3919 tamen
2656 3853 2662 3860 ’

309 3963 435 4004 eum
480 3948 674 4017 pedem
718 3947 939 4002 duxisse
973 3947 1044 4002 ad
1087 3947 1252 4016 pedes
1298 3945 1629 4016 compositos
1673 3946 1951 4002 faciendos
1994 3947 2275 4014 idoneum,
2322 3949 2357 4004 i.
2386 3964 2432 4005 e.
2471 3946 2624 4006 πόδα

310 4032 702 4106 ῥυθμοποιίας
737 4029 896 4099 ἴδιον,
930 4032 1139 4088 ionicos
1164 4037 1344 4087 autem
1366 4047 1396 4087 e
1421 4031 1649 4101 pedibus
1674 4029 2063 4105 ῥυθμοποιίας
2097 4033 2278 4101 ἰδίοις,
2311 4035 2623 4104 pyrrhichio

312 4124 369 4173 et
405 4117 667 4187 spondeo,
703 4118 1104 4174 alternantibus
1142 4117 1488 4187 compositos.
