3177 4960
658 362 780 419 248
1607 358 1768 427 Hugo
1802 357 1835 412 J
1839 363 1993 413 usatz

655 558 774 599 του
823 534 983 614 (scil.
1017 531 1290 617 λόγῳ).’)
1376 533 1450 598 In
1497 552 1627 615 qua
1668 530 2037 598 differentia
2093 535 2453 613 temporum
2496 530 2963 599 irrationalium

655 638 896 704 mentio
941 638 1032 702 ita
1073 641 1321 702 tantum
1365 633 1506 700 fieri
1549 634 1795 718 potuit,
1838 637 1912 698 ut
1953 631 2171 698 media
2212 633 2379 698 inter
2422 639 2719 718 tempora
2756 635 2964 717 primo

655 736 1288 820 commensurabilia,
1356 743 1647 821 tempore
1703 736 1912 820 primo
1973 735 2116 818 ipso
2175 754 2305 800 non
2362 735 2967 802 commensurabilia

656 859 798 907 esse
842 838 1226 905 dicerentur.

1776 954 1850 1019 B.

1126 1093 1237 1158 De
1281 1090 1769 1159 differentia
1810 1086 2016 1153 κατὰ
2062 1086 2486 1156 σύνθεσιν.

826 1228 961 1296 Sed
983 1247 1150 1312 quae
1173 1233 1525 1310 sequuntur
1546 1227 1613 1291 in
1628 1228 1949 1310 excerptis
1970 1226 2104 1292 illis
2127 1226 2477 1293 maioribus
2501 1229 2586 1310 (p.
2605 1230 2709 1310 31,
2727 1230 2808 1292 25
2824 1227 2971 1312 W.),

656 1351 737 1398 ea
792 1350 937 1398 cum
995 1329 1524 1396 antecedentibus
1580 1348 1708 1394 non
1749 1329 2041 1412 protinus
2099 1327 2463 1395 cohaerent.
2554 1327 2741 1407 Quae
2801 1331 2973 1396 enim

656 1432 740 1500 de
805 1431 1203 1518 temporibus
1273 1430 1719 1513 incompositis
1793 1436 1858 1496 et
1922 1431 2295 1514 compositis
2362 1431 2804 1515 proferuntur,
2876 1433 2976 1498 sic

655 1535 997 1621 incipiunt:
1044 1533 1316 1616 λέγομεν
1348 1530 1422 1595 δέ
1449 1555 1603 1596 τινα
1635 1532 1771 1595 καὶ
1817 1523 2192 1597 ἀσύνθετον
2231 1528 2469 1615 χρόνον
2500 1527 2678 1614 πρὸς
2704 1528 2826 1617 τὴν
2852 1534 2975 1620 τῆς

656 1636 1121 1721 ῥυθμοποιίας
1172 1635 1407 1718 χρῆσιν
1466 1625 1915 1720 ἀναφέροντες
1946 1663 2029 1686 ===
2060 1641 2315 1718 tempus
2372 1638 2586 1700 autem
2642 1634 2971 1717 quoddam

654 1739 809 1806 item
838 1739 1330 1822 incompositum
1376 1735 1670 1820 dicimus,
1716 1758 1860 1805 cum
1890 1735 1977 1801 ad
2006 1734 2540 1819 rhythmopoeiae
2585 1755 2774 1802 usum
2809 1736 2972 1805 refe·

655 1841 871 1906 rimus.
960 1840 1033 1904 In
1087 1841 1183 1906 eis
1236 1840 1431 1923 igitur
1488 1857 1657 1921 quae
1711 1845 2221 1921 antecesserant,
2280 1838 2363 1904 de
2419 1838 2551 1904 alio
2607 1843 2977 1923 temporum

657 1942 1228 2026 incompositorum
1298 1959 1534 2023 genere
1595 1942 1975 2024 exposuisse
2031 1940 2488 2007 Aristoxenum
2552 1938 2746 2006 docet
2801 1937 2974 2004 illud

655 2046 789 2107 καί.
876 2042 965 2107 At
1006 2042 1073 2106 in
1119 2060 1198 2108 eo
1229 2041 1461 2124 capite,
1506 2041 1684 2124 quod
1728 2049 1827 2108 est
1870 2042 1954 2110 de
1999 2048 2287 2128 tempore
2329 2042 2561 2126 primo,
2604 2041 2785 2107 notio
2812 2036 2979 2122 χρό-

657 2165 769 2219 νος
815 2136 1188 2219 ἁσύνθετος
1245 2163 1372 2210 non
1427 2143 1557 2207 iam
1615 2145 1869 2226 prolata
1927 2151 2025 2211 est
2078 2164 2289 2228 neque
2335 2141 2785 2210 subaudienda
2827 2161 2981 2209 esse

657 2244 818 2311 mihi
861 2246 1135 2328 videtur,
1184 2244 1502 2328 siquidem
1527 2242 1768 2328 χρόνος
1799 2249 2072 2326 πρῶτος
2117 2253 2183 2312 et
2204 2243 2443 2332 χρόνος
2487 2238 2725 2319 ἁπλῶς
2770 2234 2984 2307 ἀσύν-

657 2350 862 2423 θετος
902 2368 1031 2414 non
1073 2367 1236 2414 unus
1280 2346 1586 2430 idemque
1633 2352 1748 2413 est.
1839 2347 2192 2415 Inserenda
2243 2348 2439 2431 igitur
2483 2365 2626 2413 esse
2668 2344 2829 2411 mihi
2879 2346 2985 2410 vi-

655 2450 844 2519 detur
886 2449 1175 2517 definitio
1221 2456 1416 2534 atque
1462 2449 1838 2534 explanatio
1885 2448 1968 2517 de
2012 2450 2407 2537 temporibus
2450 2448 2830 2534 simpliciter
2879 2448 2986 2514 in-

656 2554 1064 2638 compositis,
1138 2573 1330 2636 quam
1388 2551 1559 2618 hunc
1615 2552 1751 2617 fere
1823 2553 1890 2617 in
1945 2552 2208 2618 modum
2275 2552 2628 2619 institutam
2682 2569 2825 2618 esse
2892 2551 2986 2617 ab

652 2654 1041 2721 Aristoxeno
1101 2655 1380 2721 conicio:
1438 2660 1586 2720 sunt
1643 2660 1859 2720 autem
1916 2654 2049 2719 alia
2104 2673 2362 2737 quoque
2417 2661 2672 2739 praeter
2712 2660 2987 2737 tempus

652 2756 933 2839 primum
977 2761 1304 2839 tempora,
1362 2756 1430 2820 in
1476 2755 1711 2838 quibus
1753 2774 1875 2821 nec
1919 2755 2047 2822 duo
2105 2756 2245 2822 soni
2289 2774 2410 2823 nec
2454 2756 2621 2822 duae
2671 2756 2987 2838 syllabae

655 2876 775 2921 nec
820 2855 949 2921 duo
996 2867 1241 2942 σημεῖα
1282 2857 1535 2940 possint
1577 2857 1732 2940 poni
1764 2858 1898 2924 ullo
1932 2856 2148 2940 modo,
2195 2856 2343 2925 dico
2375 2875 2794 2942 quaecunque
2821 2876 2986 2923 ver-

657 2964 878 3024 santur
920 2959 1088 3024 inter
1132 2959 1412 3041 simplex
1456 2965 1523 3025 et
1552 2958 1798 3043 duplex
1843 2960 2151 3044 temporis
2185 2961 2377 3043 primi
2409 2962 2706 3046 spatium.
2794 2957 2987 3024 Nam

833 3095 882 3156 1)
921 3090 1294 3160 Westphalius
1329 3089 1484 3155 (Rh.⁸
1505 3107 1600 3160 pp.
1632 3094 1690 3145 18
1717 3106 1797 3159 sq.
1824 3095 1892 3145 80
1917 3091 2063 3157 adn.)
2097 3106 2162 3146 ea
2186 3092 2410 3162 propria
2445 3091 2823 3148 dissertatione
2859 3090 2990 3147 dis-

654 3178 850 3245 putata
893 3191 1014 3231 esse
1049 3180 1260 3243 censet,
1308 3189 1471 3246 quam
1516 3176 1661 3230 inter
1693 3175 2006 3230 Aristoxeni
2042 3172 2327 3246 σύμμικτα
2363 3163 2685 3247 συμποτικὰ
2727 3190 2850 3232 esse
2890 3177 2987 3230 in-

654 3265 888 3315 ventam.
961 3261 1026 3315 In
1050 3276 1159 3330 qua
1182 3262 1446 3316 rationem
1483 3275 1640 3316 suam
1663 3261 1903 3331 rhythmi
1926 3277 2035 3316 non
2060 3261 2298 3331 syllabis,
2322 3276 2505 3317 verum
2527 3266 2769 3332 tempore
2792 3260 2989 3330 primo

655 3344 966 3400 dimetiendi
999 3346 1277 3402 elementis
1308 3346 1628 3416 rhythmicis
1662 3349 1827 3401 antea
1857 3344 2066 3415 publici
2096 3346 2233 3400 iuris
2266 3347 2469 3402 factam
2503 3362 2627 3401 eum
2661 3344 2992 3403 defendisse

659 3435 850 3484 contra
884 3430 1239 3487 adversarios.
1309 3432 1387 3485 At
1419 3430 1756 3501 Porphyrius
1803 3431 2143 3486 adversarios
2178 3431 2395 3486 omnino
2431 3447 2543 3487 non
2576 3431 2686 3486 iam
2720 3431 2992 3488 extitisse

656 3514 815 3567 testis
850 3516 950 3579 est,
991 3530 1113 3569 cum
1150 3515 1283 3582 dicit
1317 3510 1422 3588 τὴν
1442 3513 1793 3587 ἐσομένην
1828 3510 1869 3573 δι’
1878 3535 1913 3571 ν
1946 3511 2099 3587 πρός
2133 3535 2306 3572 τινων
2328 3517 2685 3589 κατηγορίαν
2718 3510 2993 3576 ἀπολυό-

655 3616 837 3665 μενον
881 3612 948 3652 ea
998 3598 1288 3667 scripsisse
1333 3600 1740 3655 Aristoxenum.
1830 3600 2141 3657 Sermonem
2187 3604 2370 3655 autem
2411 3601 2470 3655 in
2516 3601 2624 3657 hoc
2663 3601 2989 3670 fragmento

658 3682 825 3737 alium
859 3687 1023 3750 atque
1059 3682 1114 3735 in
1141 3683 1336 3739 ceteris
1373 3698 1495 3740 esse
1530 3700 1641 3739 non
1665 3684 1837 3741 video.
1912 3684 2068 3754 Quod
2104 3692 2282 3742 autem
2318 3685 2481 3740 latior
2513 3685 2729 3742 videtur
2761 3690 2819 3742 et
2839 3703 2990 3756 poe-

660 3771 840 3822 tarum
874 3767 1011 3822 locis
1048 3774 1277 3822 ornatus
1302 3773 1402 3835 est,
1437 3769 1494 3822 id
1529 3769 1725 3824 mirum
1760 3786 1872 3825 non
1907 3770 2012 3825 erit
2045 3771 2111 3837 ei,
2146 3772 2240 3840 qui
2274 3769 2541 3826 elementa
2573 3775 2632 3825 et
2653 3770 2992 3828 harmonica

661 3857 716 3905 et
750 3850 1072 3921 rhythmica,
1112 3853 1295 3921 qualia
1318 3856 1526 3919 extant,
1563 3870 1675 3909 non
1700 3854 2014 3908 Aristoxeni
2047 3870 2213 3909 manu
2235 3855 2558 3927 perscripta,
2593 3855 2692 3910 sed
2715 3865 2990 3927 excerpta

658 3952 728 3990 ex
761 3935 1009 4005 pristinis
1046 3941 1101 3990 et
1134 3936 1343 3992 lacunis
1377 3939 1689 3993 intermixta
1723 3938 1909 3994 credit.
1979 3939 2117 3994 Loci
2140 3942 2337 4005 autem,
2375 3941 2572 4010 quibus
2609 3955 2736 3995 cum
2770 3941 2992 3999 lectore

660 4021 744 4075 vel
793 4019 1063 4090 discipulo
1111 4026 1356 4089 agentem
1404 4037 1465 4076 se
1497 4022 1709 4078 inducit
1740 4026 1838 4079 Ar.
1852 4063 1868 4091 ‚
1920 4023 2267 4079 inveniuntur
2301 4024 2357 4078 in
2390 4024 2722 4082 harmonicis
2758 4043 2988 4098 quoque

658 4105 899 4174 reliquiis
933 4105 1027 4172 (cf.
1051 4104 1365 4174 Marquard.
1388 4122 1441 4175 p.
1469 4109 1568 4161 260
1593 4114 1753 4178 sqq.).
