3177 4960
624 327 747 385 250
1577 318 1736 387 Hugo
1769 317 1960 372 Jusatz

622 502 790 567 alius
834 499 1024 565 aliter
1065 496 1510 578 subterfugere
1542 492 1806 561 studuit.
1896 493 2063 558 Nam
2106 492 2318 577 ipsum
2364 495 2618 573 tempus
2646 487 2947 571 primum

623 606 689 669 in
745 602 909 669 duas
964 601 1268 684 pluresve
1322 602 1541 681 partes
1601 595 1895 662 dividere
1949 596 2326 679 plerumque
2382 593 2572 659 veriti
2630 595 2780 656 sunt
2797 638 2816 671 ,
2875 595 2950 655 at

623 706 872 773 maiora
925 702 1138 786 spatia
1179 699 1582 782 dividerunt,
1638 698 1817 764 velut
1860 697 2336 780 sesquitertium
2381 697 2691 778 temporis
2735 693 2948 779 primi

625 807 905 893 spatium
950 806 1017 870 in
1061 803 1224 870 duas
1265 808 1483 886 partes
1526 799 1796 883 (Caesar
1823 821 1888 884 p.
1925 802 2103 883 162),
2149 799 2467 865 disemum
2510 800 2579 864 in
2624 807 2775 883 tres,
2826 799 2948 863 tri-

627 929 873 978 semum
904 908 971 972 in
999 911 1299 990 quattuor
1343 902 1834 988 (westphaliae,
1878 902 2216 985 ChristiuS,
2260 902 2421 977 alii).
2510 903 2596 967 At
2625 902 2739 985 qui
2772 907 2952 966 tem-

624 1011 803 1097 poris
859 1009 1050 1093 primi
1104 1009 1249 1091 ipsa
1290 1007 1553 1073 notione
1599 1007 1815 1073 omnia
1870 1005 2123 1071 minora
2167 1005 2434 1070 exclusa
2477 1023 2619 1070 esse
2663 1025 2795 1071 non
2847 1007 2951 1069 in-

626 1114 909 1198 tellegit,
970 1110 1210 1176 habeat
1267 1109 1411 1176 sibi.
1523 1109 1752 1191 Neque
1810 1126 1966 1173 vero
2024 1125 2262 1190 operae
2318 1109 2593 1189 pretium
2647 1108 2954 1174 facturus

628 1235 771 1284 esse
818 1213 978 1280 mihi
1021 1210 1281 1296 videor,
1326 1212 1382 1276 si
1428 1208 1818 1294 Westphalii
1861 1230 2098 1276 novam
2144 1210 2494 1295 rationem,
2540 1229 2669 1293 qua
2711 1210 2781 1273 in
2831 1229 2952 1274 eo·

629 1314 777 1380 dem
822 1313 993 1398 pede
1022 1315 1376 1397 composito
1421 1313 1754 1396 complura
1782 1317 2074 1395 tempora
2105 1312 2313 1395 prima
2340 1314 2580 1397 statuit,
2623 1312 2954 1394 refutem3

629 1417 1081 1483 assentientem
1117 1415 1405 1481 inveniet
1431 1415 1774 1496 neminem,
1819 1420 1888 1479 at
1917 1413 2166 1480 iudioes
2209 1413 2456 1480 invenit
2482 1414 2951 1481 acerbissimos

630 1519 855 1597 (veluti
901 1517 1186 1584 Grafium
1241 1538 1302 1602 p.
1336 1519 1449 1583 38:
1515 1564 1540 1591 „
1559 1517 1706 1581 eine
1748 1516 2355 1599 Mustersammlung
2410 1517 2512 1582 fflr
2567 1517 2694 1583 den
2750 1517 2950 1583 Miss-

629 1619 869 1687 brauoh
915 1618 1390 1703 rhythmisoher
1434 1619 1721 1686 Termini
1739 1623 1808 1693 ⁴⁶).

801 1723 1341 1806 Explanationem
1371 1729 1587 1789 autem
1621 1721 1702 1787 de
1734 1721 2129 1805 temporibus
2173 1716 2340 1784 κατὰ
2374 1718 2691 1786 σύνθεσιν
2724 1720 2949 1788 diver·

631 1825 720 1892 sis
765 1825 1279 1907 Aristoxeneam‚
1327 1824 1411 1891 de
1455 1844 1586 1908 qua
1632 1829 1855 1891 extant
1897 1823 2213 1907 reliquiae
2257 1825 2413 1890 satis
2459 1824 2689 1889 uberes
2736 1829 2803 1889 et
2847 1825 2945 1890 lu-

633 1926 961 2008 culentae,
1018 1925 1303 1991 breviter
1348 1923 1455 1991 hie
1497 1932 1793 2009 repetere
1835 1945 1965 1992 non
2007 1926 2320 2009 alienum,
2366 1926 2744 2009 praesertim
2792 1946 2949 1992 eum

631 2026 1072 2111 Westphalius
1103 2028 1168 2092 in
1201 2027 1427 2092 ultima
1454 2025 1860 2112 rhythmioae
1892 2027 2175 2095 editione
2219 2031 2307 2113 (p.
2333 2031 2415 2094 90
2440 2029 2604 2112 sqq.)
2635 2048 2715 2095 ea
2743 2028 2949 2096 valde

633 2129 995 2212 perturbari
1050 2149 1279 2212 passus
1334 2135 1433 2195 est
1475 2131 1618 2195 sive
1674 2130 1889 2212 potius
1934 2129 2227 2197 diversas
2277 2132 2560 2198 rationes
2601 2130 2949 2198 miscuisse

635 2228 1159 2315 deprehenditur.

804 2332 1001 2400 Cuius
1047 2334 1522 2418 explanationis
1567 2334 1984 2400 summarium
2030 2341 2129 2402 est
2172 2333 2325 2402 hoe:

811 2441 864 2501 1.
912 2436 1194 2522 Tempus
1243 2429 1477 2512 ἅπλῶς
1521 2428 1896 2501 ἀσύνθετον
1927 2443 2043 2520 est,
2090 2437 2264 2522 quod
2294 2443 2560 2522 propter
2604 2436 2798 2522 spatii
2845 2438 2954 2505 sui

634 2540 965 2623 angustias
1021 2541 1167 2623 plus
1213 2560 1341 2606 una
1383 2540 1641 2624 syllaba
1683 2540 1791 2606 vel
1836 2558 1994 2606 sono
2040 2542 2147 2608 vel
2201 2543 2458 2627 σημείῳ
2503 2560 2630 2607 uno
2673 2541 2769 2606 uti
2814 2560 2950 2607 non

634 2648 866 2726 potest,
913 2642 1073 2726 sive,
1118 2650 1188 2707 ut
1216 2642 1624 2710 metricorum
1655 2642 1872 2709 verbis
1903 2647 2064 2727 utar,
2111 2643 2284 2727 quod
2327 2643 2496 2709 solvi
2526 2642 2703 2709 nullo
2749 2640 2949 2709 modo

635 2749 867 2827 potest.
956 2744 1345 2826 Temporum
1393 2738 1628 2823 ἅπλῶς
1679 2745 2245 2828 ineompositorum
2294 2751 2441 2811 sunt
2483 2746 2736 2829 speeies
2781 2751 2949 2811 tres:

636 2863 1075 2910 monosemum
1121 2847 1228 2911 vel
1274 2847 1562 2928 πρῶτον,
1610 2846 1982 2913 irrationale
2026 2866 2063 2912 e
2096 2866 2466 2914 monosemo
2510 2867 2628 2931 per
2670 2845 2953 2932 produc-

638 2946 876 3012 tionem
933 2954 1139 3013 ortum
1185 2951 1319 3033 (ᾗ),
1379 2950 1751 3016 irrationale
1796 2969 1833 3015 e
1878 2948 2126 3018 disemo
2170 2970 2287 3034 per
2331 2950 2803 3034 eorreptionem
2849 2969 2953 3015 or·

638 3053 769 3113 tum
817 3052 929 3128 (Ξ).
1019 3051 1424 3117 Irrationalia
1480 3059 1696 3120 autem
1743 3044 2085 3117 ἀσύνθετα
2137 3053 2301 3119 inter
2345 3054 2595 3119 maiora
2637 3053 2951 3137 temporis

636 3153 850 3238 spatia
892 3171 1020 3217 non
1065 3154 1358 3220 extitisse
1402 3160 1671 3222 testatur
1713 3154 2032 3222 Bacchius
2073 3174 2134 3238 p.
2165 3157 2264 3220 23.

808 3259 868 3321 2.
915 3256 1200 3341 Tempus
1242 3253 1412 3320 κατὰ
1455 3252 1576 3342 τὴν
1619 3258 1740 3344 τῆς
1786 3256 2250 3342 ῥυθμοποιίας
2288 3257 2524 3340 χρῆσιν
2571 3248 2952 3321 ἀσύνθετον

638 3364 755 3441 est,
788 3358 981 3441 quod,
1014 3360 1309 3442 quamvis
1339 3360 1617 3444 spatium
1650 3379 1780 3426 non
1810 3360 2038 3443 obstet,
2073 3359 2408 3443 quominus
2438 3358 2693 3426 duobus
2724 3358 2953 3443 rhyth-

637 3459 1140 3526 mizomenorum
1173 3462 1511 3528 elementis
1542 3462 1902 3545 expleatur,
1948 3467 2163 3528 tamen
2192 3481 2319 3529 uno
2348 3462 2565 3545 utitur,
2612 3459 2756 3528 sive
2802 3481 2953 3527 eum

640 3560 808 3626 solvi
852 3563 1088 3646 possit,
1151 3569 1365 3631 tamen
1420 3584 1549 3631 non
1594 3565 1883 3631 solvitur.
1972 3564 2161 3631 Certe
2209 3562 2357 3631 hine
2409 3563 2587 3630 eadit
2628 3562 2954 3631 disemum

640 3681 767 3727 una
796 3663 1051 3747 syllaba
1079 3664 1275 3747 longa
1302 3685 1708 3751 expressum3
1753 3666 1836 3734 de
1868 3668 2098 3734 ceteris
2141 3672 2357 3732 autem
2401 3667 2676 3750 syllabis
2721 3666 2957 3752 longis,

640 3783 806 3847 quae
851 3764 1146 3832 dicuntur
1189 3771 1776 3851 παρεκτεταμέναι,
1822 3767 1930 3837 hio
1972 3768 2288 3836 disserere
2330 3770 2500 3836 nolo.
2678 3779 2690 3789 ·
2914 3816 2925 3825 .

814 3870 870 3932 3.
918 3868 1201 3952 Tempus
1258 3866 1432 3955 πρὸς
1485 3869 1607 3958 τὴν
1668 3874 1785 3959 τῆς
1828 3871 2287 3955 ῥυθμοποιίας
2338 3872 2573 3953 χρῆσιν
2617 3869 2959 3937 σύνθετον

643 3978 742 4038 est
795 3970 968 4036 idem
1027 3970 1338 4056 spatium,
1399 3974 1573 4055 quod
1632 3971 1805 4059 πρὸς
1860 3970 1982 4060 τὴν
2024 3974 2144 4055 τῆς
2190 3972 2660 4057 ῥυθμοποιίας
2711 3974 2961 4061 χρῆσιν

643 4065 1037 4150 ἀσύνθετον,
1086 4073 1335 4155 quoties
1366 4072 1615 4142 duabus
1659 4075 2034 4159 pluribusve
2065 4075 2356 4159 syllabis,
2402 4075 2600 4159 sonis,
2648 4080 2968 4162 σημείοις
