3177 4960
872 345 957 400 De
990 344 1408 402 irrationalitate
1442 345 1622 402 studia
1658 345 1977 416 rhythmica.
2461 346 2583 407 325

265 524 337 603 13
390 521 552 601 2063
609 522 769 603 6313
829 521 985 604 6873
1047 522 1201 601 7813
1262 520 1328 585 in
1374 518 1538 585 Phil.
1585 539 1713 585 non
1760 520 1884 586 nisi
1929 520 1996 583 in
2040 525 2329 587 extrema
2374 527 2585 604 parte:

270 624 459 688 1006.
512 624 697 687 1014.
751 624 934 696 1226.
987 624 1171 687 1232.
1221 625 1406 686 1235.
1459 624 1676 704 1323.,
1734 621 1911 705 apud
1956 621 2330 707 Euripidem
2372 629 2588 691 autem

268 743 349 792 ea
382 725 628 792 solutio.
664 725 732 789 in
762 724 1055 791 omnibus
1099 724 1354 808 fabulis,
1402 743 1528 807 quo
1557 724 1946 791 recentiores
1992 731 2155 807 sunt,
2205 744 2282 793 eo
2329 727 2586 810 saepius

266 828 594 895 invenitur
625 827 789 906 (Alc.
823 833 940 911 ter,
986 827 1156 894 Med.
1204 832 1447 911 quater,
1494 827 1692 911 Hipp.
1726 827 1844 903 bis,
1875 826 2074 893 Andr.
2120 827 2237 910 IX,
2284 828 2584 896 Heracld.

269 930 413 1015 VII,
459 929 619 997 Hec.
651 929 794 1012 XV,
843 929 1034 997 Herc.
1067 930 1191 996 fur.
1221 929 1348 994 XII
1394 930 1481 1006 (in
1513 930 1727 1013 priore
1759 930 2039 995 maxime
2084 933 2313 1013 parte),
2358 929 2588 1016 Suppl.

267 1032 400 1115 XI,
471 1032 611 1117 Iph.
670 1033 863 1099 Taur.
922 1032 1119 1113 XIII,
1188 1031 1425 1098 Troad.
1480 1032 1642 1115 XX,
1703 1032 1800 1098 El.
1857 1033 2053 1115 XIX,
2108 1033 2245 1100 Ion.
2304 1034 2585 1116 XXXII,

267 1134 515 1203 Phoen.
563 1134 877 1218 XXXIV,
924 1135 1066 1202 Hel.
1114 1133 1497 1218 XXXXIV,
1545 1133 1778 1201 Bacch.
1826 1135 1943 1219 LI,
1992 1134 2098 1202 Or.
2145 1136 2360 1217 LXII,
2406 1136 2584 1222 chl.

267 1237 454 1321 XIX,
504 1236 698 1304 Rhes.
730 1238 874 1320 bis),
922 1257 1067 1303 cum
1102 1243 1252 1304 ante
1288 1239 1548 1303 brevem
1593 1236 1846 1304 modice
1892 1238 2320 1305 increbrescat
2367 1239 2587 1324 (Hipp.

271 1339 349 1423 O,
397 1341 538 1406 Alc.
573 1338 743 1406 Med.
773 1339 977 1405 Andr.
1026 1338 1325 1406 Heracld.
1373 1340 1531 1407 Hec.
1578 1338 1804 1424 Suppl.
1837 1340 2072 1407 Troad.
2116 1342 2310 1424 1--V,
2356 1341 2437 1408 H.
2468 1342 2587 1408 fur.

268 1442 517 1510 Phoen.
565 1441 706 1527 Iph.
753 1443 946 1508 Taur.
994 1441 1100 1509 Or.
1148 1442 1469 1526 VIII—-X,
1515 1443 1651 1509 Ion.
1698 1443 1876 1527 XIII,
1930 1442 2164 1510 Bacch.
2213 1444 2392 1525 XIII,
2440 1444 2584 1511 Hel.

271 1545 509 1621 XVII).
596 1543 850 1610 Ambae
906 1550 1122 1610 autem
1180 1542 1396 1611 theses
1452 1546 1701 1629 primae
1745 1565 1872 1612 non
1916 1547 2250 1613 solvuntur
2305 1548 2589 1631 tragicae

271 1648 428 1714 artis
476 1652 691 1714 aetate
735 1647 1022 1730 meliore,
1068 1647 1192 1712 nisi
1239 1648 1596 1731 insequitur
1640 1648 1884 1714 brevis:

443 1748 547 1815 Αἰ.
582 1750 738 1814 854:
786 1731 838 1812 ὦ
881 1746 1143 1813 θάνατε
1185 1745 1464 1827 θάνατε,
1513 1750 1626 1813 νῦν
1670 1740 1732 1830 μἔ
1787 1745 2155 1829 ἐπίσκεψαι
2199 1748 2445 1833 μολών.

446 1851 614 1918 Phil.
651 1854 803 1919 797:
850 1835 905 1915 ὦ
949 1848 1209 1916 θάνατε
1254 1848 1544 1930 θάνατε,
1587 1853 1737 1927 πῶς
1783 1842 1888 1917 ἆεὶ
1931 1846 2353 1935 καλούμενος.

447 1955 682 2022 Troad.
756 1957 910 2023 769:
958 1945 1111 2018 ἄλλ’
1153 1946 1363 2038 ἄγετε,
1396 1957 1652 2040 φέρετε,
1688 1947 1975 2039 ῥίπτετ’,
2010 1954 2071 2021 εἰ
2101 1954 2366 2041 ῥίπτειν
2391 1955 2589 2024 δοκεῖ.

752 2061 909 2124 96οε
954 2057 1309 2143 Δηΐφοβος
1356 2049 1595 2138 ἄλοχον
1642 2052 1811 2140 εἶχεν
1858 2049 2151 2125 ἀκόντων
2199 2063 2498 2145 Φρυγῶν.

715 2161 909 2225 1186:
967 2160 1202 2243 γραῦς,
1279 2151 1561 2240 ἄπολις,
1641 2154 1939 2242 ἄτεκνος,
2018 2157 2265 2230 ἄθλιον
2339 2163 2591 2230 θάπτω

859 2346 887 2358 .,
976 2254 1222 2346 νεκρόν.

449 2365 593 2432 Hel.
629 2369 782 2429 711:
831 2359 882 2426 ιῦ
916 2362 1232 2447 θύγατερ,
1279 2357 1314 2429 ὅ
1349 2362 1516 2440 θεὸς
1558 2359 1649 2441 ὥς
1695 2364 1821 2451 ἔφυ
1851 2390 1920 2430 τι
1949 2367 2276 2447 ποικίλον,
2322 2372 2593 2440 fortasse

816 2467 1009 2534 etiam
1051 2488 1112 2534 ν.
1149 2470 1290 2535 390.

448 2571 597 2637 Eur.
630 2571 729 2636 El.
766 2573 923 2636 506:
967 2570 1078 2635 καὶ
1112 2572 1373 2654 πατέρα
1405 2567 1524 2635 τὸν
1557 2567 1736 2653 ἐμὸν,
1769 2562 1845 2636 ὅν
1875 2564 2023 2637 ποτ’
2063 2570 2130 2638 ἐν
2156 2585 2377 2656 χεροῖν
2409 2572 2593 2657 ἔχων.

449 2674 556 2742 Or.
594 2677 790 2738 1614:
839 2671 913 2737 σὲ
981 2671 1264 2770 σφάγιον
1337 2666 1590 2756 ἐκόμισ’
1656 2670 1723 2739 ἐκ
1785 2676 2063 2759 Φρυγῶν
2128 2678 2255 2742 ΟΡ.
2316 2668 2401 2742 ει’
2466 2675 2593 2763 γὰρ

977 2766 1122 2841 τόδ’
1175 2770 1274 2859 ἦν.

448 2877 592 2962 Iph.
627 2878 768 2944 Aul.
807 2881 1003 2943 1114:
1046 2869 1409 2962 Ἀρτέμιδι,
1455 2876 1742 2959 μέλανος
1790 2876 2076 2959 αἵματος
2123 2877 2506 2966 φυσήματα.

451 2980 629 3064 Cycl.
751 2985 815 3046 1:
863 2962 918 3043 ὦ
962 2976 1235 3062 Βρόμιε,
1284 2977 1397 3045 διὰ
1444 2978 1519 3045 σὲ
1561 2985 1839 3064 μυρίους
1885 2977 2010 3063 ἔχω
2055 2980 2326 3059 πόνους.

516 3130 542 3159 ,,
659 3087 814 3148 410:
865 3073 1169 3162 ἀνέπεσε,
1218 3079 1513 3168 φάρυγος
1561 3074 1786 3168 αἰθέρ’
1840 3080 2038 3160 ἐξιεὶς
2080 3082 2309 3168 βαρύν.

524 3233 550 3261 ,,
663 3189 815 3251 560:
859 3181 1150 3269 ᾠνοχόος
1218 3178 1464 3262 ἄδικος.
1532 3189 1661 3250 ΣΕ.
1723 3177 1799 3250 οὗ
1864 3182 1959 3268 μὰ
2016 3178 2135 3251 Δί’
2212 3177 2363 3250 οἰλλ>
2427 3180 2598 3270 ᾦνος

847 3284 1099 3372 γλυκύς.

452 3390 691 3456 Verum
737 3395 952 3456 tamen
983 3396 1130 3457 sunt
1171 3391 1362 3474 pauci
1394 3409 1648 3473 verene,
1698 3391 1763 3454 in
1810 3389 2042 3472 quibus
2090 3389 2381 3473 duplices
2428 3394 2596 3460 solu-

282 3494 491 3559 tiones
516 3492 805 3574 seqnitur
827 3498 977 3558 ante
1002 3492 1526 3574 semiquinariam
1562 3492 1780 3575 longa.
1826 3492 1915 3557 At
1936 3493 2002 3557 in
2025 3492 2199 3560 Ionis
2222 3512 2413 3561 versu
2444 3499 2599 3562 365:

281 3593 431 3669 πῶς
477 3586 513 3658 0‘
559 3589 728 3669 θεὸς
740 3643 758 3673 ,
820 3589 857 3657 ὃ
907 3592 1145 3659 λαθεῖν
1191 3590 1506 3675 βούλεται
1551 3590 2028 3675 μαντεύσεται,·
2088 3594 2379 3663 inaudita
2436 3598 2601 3665 inest

281 3696 551 3781 soluti03
618 3716 767 3763 nam
827 3697 893 3761 in
949 3715 1301 3780 pronomen
1358 3696 1704 3763 relativum
1760 3697 2032 3763 alteram
2092 3697 2342 3765 solutae
2401 3698 2599 3768 thesis

282 3800 548 3866 brevem
607 3799 873 3883 cadere,
931 3801 1199 3866 alteram
1260 3800 1324 3864 in
1371 3798 1670 3882 verbum,
1729 3818 2045 3882 nusquam
2089 3801 2254 3867 alias
2310 3801 2601 3870 invenias

283 3901 450 3987 (Iph.
485 3902 679 3968 Taur.
715 3904 838 3966 556
856 3900 930 3983 ?).
1022 3900 1479 3968 Scribendum:
1527 3902 1677 3976 πῶς
1707 3898 1893 3982 θεὸς,
1928 3898 1964 3968 ὃ
1998 3900 2236 3987 λήθειν
2265 3900 2599 3985 βούλεται,

284 4001 762 4086 μαντεύσεται,
803 4005 951 4070 Eur.
998 4010 1214 4071 autem
1256 4006 1375 4088 frg.
1415 4009 1535 4069 174
1568 4024 1652 4071 ex
1681 4006 2007 4090 Antigona
2051 4005 2381 4072 laudatum
2426 4007 2597 4089 apud

287 4105 463 4175 Stob.
496 4108 638 4191 108,
666 4111 726 4191 3,
758 4107 821 4172 in
848 4127 975 4191 quo
1002 4126 1224 4175 versus
1256 4108 1507 4174 tertius:
1538 4107 1649 4173 καὶ
1675 4104 1750 4172 τὸ
1785 4103 1982 4173 κακὸν
2016 4099 2282 4192 ἀγαθοῦ
2310 4110 2601 4191 γίγνεται
