3177 4960
585 304 711 363 334
1536 298 1694 368 Hugo
1728 298 1918 353 Jusatz

587 494 770 542 suum
820 475 1122 542 clausulis
1159 483 1424 557 χορεῖον
1480 473 1662 538 illum
1710 463 1984 557 ἄλογον,
2044 490 2237 554 quam
2302 470 2612 537 describit
2655 470 2905 536 Aristo-

589 596 814 660 xenus,
860 578 1074 644 inesse
1119 574 1278 642 mihi
1322 594 1699 660 persuasum
1748 581 1862 642 est.

1469 880 1758 948 CAPUT
1802 880 2007 946 XXV.

760 1012 877 1093 De
926 1020 1315 1093 metrorum
1371 1014 1794 1092 claudorum
1846 1020 2111 1090 natura
2165 1038 2256 1090 ac
2303 1012 2717 1112 qenerz’bus.

760 1171 1043 1238 Maxime
1101 1174 1314 1235 autem
1361 1189 1479 1237 usu
1524 1168 1704 1235 venit
1747 1169 2023 1254 simplex
2080 1169 2194 1234 illa
2236 1174 2434 1251 atque
2476 1167 2779 1234 absoluta
2825 1167 2907 1231 ir-

590 1272 990 1338 rationalitas
1036 1272 1102 1337 in
1148 1273 1387 1347 metris,
1433 1289 1601 1354 quae
1646 1270 1880 1337 clauda
1922 1270 2347 1356 appellantur.

759 1373 834 1438 In
879 1374 1146 1440 trimetri
1194 1373 1454 1440 iambici
1493 1381 1556 1438 et
1600 1374 1954 1439 tetrametri
2000 1371 2311 1439 trochaici
2357 1371 2628 1456 syzygia
2673 1370 2911 1435 ultima

587 1476 766 1542 arsin
796 1481 861 1541 et
890 1474 1102 1542 thesin
1130 1476 1559 1558 paenultimas
1591 1475 2146 1542 irrationalitatem
2192 1474 2494 1558 excipere
2540 1471 2908 1554 docuimus,

589 1576 1044 1644 thesin-autem
1078 1583 1451 1661 extremam,
1484 1578 1625 1644 sive
1657 1576 1906 1644 disema
1937 1583 2034 1643 est
2056 1578 2195 1643 sive
2218 1595 2614 1656 monosema,
2647 1594 2912 1657 semper

590 1681 970 1747 rationalem
1003 1699 1146 1746 esse
1177 1679 1438 1763 debere,
1469 1699 1549 1745 ne
1583 1680 1649 1744 in
1678 1685 2039 1764 temporum
2070 1679 2282 1762 spatia
2311 1677 2647 1745 indefinita
2677 1698 2907 1745 versus

593 1788 907 1861 excurrat,
956 1782 1322 1866 expositum
1370 1787 1484 1847 est.
1575 1782 1773 1863 Atqui
1817 1782 1978 1847 arsis
2024 1780 2269 1864 ultima,
2317 1799 2479 1864 quae
2522 1800 2909 1847 monosema

591 1904 733 1951 esse
779 1884 974 1951 debet
1016 1889 1279 1967 propter
1323 1881 1610 1966 rhythmi
1663 1883 1924 1949 iambici
1983 1888 2307 1966 naturam,
2367 1889 2581 1950 tamen
2640 1883 2910 1966 longam

590 1986 834 2069 excipit
879 1986 943 2050 in
975 1986 1192 2051 metris
1224 1984 1630 2068 quibusdam,
1680 2005 1846 2068 quae
1878 1985 2111 2051 clauda
2140 1985 2462 2071 appellari
2493 1991 2906 2052 consuerunt.

589 2086 779 2166 Quod
823 2088 879 2154 si
923 2088 1015 2153 ita
1058 2105 1131 2153 se
1176 2085 1416 2153 habere
1454 2106 1797 2170 sumemuS,
1848 2088 2091 2154 nullum
2122 2090 2243 2154 erit
2288 2090 2355 2154 in
2385 2094 2589 2155 metro
2621 2093 2900 2173 tempus,

590 2191 770 2256 cuius
815 2190 1219 2274 correptione
1277 2190 1439 2257 arsis
1495 2190 1760 2256 ultimae
1818 2190 2154 2276 productio
2212 2192 2417 2274 possit
2473 2192 2902 2275 compensari.

590 2293 757 2357 Nam
802 2293 868 2357 in
913 2293 1201 2358 trimetro
1247 2292 1498 2374 claudo,
1547 2293 1843 2375 quamvis
1888 2312 2052 2376 raro,
2098 2299 2311 2359 tamen
2355 2292 2590 2376 pedem
2632 2294 2904 2376 paenul-

591 2396 815 2460 timum
862 2394 1340 2461 irrationalibus
1385 2395 1777 2478 temporibus
1833 2394 2152 2461 interdum
2210 2394 2512 2462 affectum
2567 2414 2713 2462 esse
2774 2397 2905 2462 iam

590 2517 630 2563 a
677 2497 859 2564 metri
905 2498 1239 2564 inventore
1270 2497 1680 2580 Hipponacte
1730 2503 1997 2579 constat,
2044 2498 2334 2565 Ananius
2371 2505 2586 2565 autem
2636 2518 2716 2564 eo
2763 2518 2906 2565 sae·

589 2601 734 2683 pius
781 2619 930 2667 usus
978 2618 1122 2667 esse
1166 2599 1454 2682 videtur,
1502 2619 1629 2683 quo
1675 2599 1910 2666 factum
1961 2605 2076 2682 est,
2128 2606 2198 2665 ut
2242 2619 2323 2667 ea
2365 2599 2638 2665 trimetri
2683 2600 2908 2668 claudi

590 2703 840 2785 species
884 2709 1155 2769 metrum
1199 2702 1518 2767 Ananium
1578 2702 2031 2785 appellaretur.
2113 2693 2637 2788 Ἰσχιοῤῥωγικὸν
2683 2710 2907 2769 autem

590 2804 760 2870 idem
794 2810 1064 2870 metrum
1096 2811 1365 2870 vocatur
1409 2805 1766 2886 (grammat.
1800 2804 2105 2871 Bernens.
2137 2804 2315 2888 apud
2337 2804 2687 2870 Hermann.
2716 2804 2791 2869 Ε.
2821 2804 2898 2870 D.

589 2905 673 2968 M.
707 2926 766 2988 p.
809 2908 929 2969 142
962 2910 1084 2989 sq.)
1099 2955 1115 2988 ‚
1177 2904 1352 2988 quod
1394 2907 1653 2972 numeri.
1688 2907 1947 2973 iambici
1992 2913 2220 2973 natura
2261 2927 2340 2973 ac
2385 2907 2484 2973 vis
2530 2906 2772 2990 triplici
2823 2908 2905 2972 ir-

587 3007 1021 3073 rationalitate
1067 3026 1326 3091 prorsus
1370 3007 1631 3073 tollitur.
1708 3006 1889 3086 Quae
1936 3002 2079 3076 cum
2124 3009 2216 3075 ita
2248 3010 2392 3091 sint,
2438 3010 2602 3076 arsis
2632 3010 2906 3076 ultimae

591 3109 1144 3175 irrationalitatem
1204 3108 1593 3190 singularem
1647 3115 1841 3192 atque
1897 3111 2258 3177 absolutam
2306 3130 2449 3177 esse
2504 3112 2906 3195 putabimus.

588 3210 918 3278 Habemus
964 3212 1159 3294 igitur
1203 3210 1343 3276 sine
1374 3210 1507 3276 ulla
1536 3210 1940 3279 dubitatione
1969 3214 2036 3278 in
2065 3213 2284 3281 metris
2315 3213 2564 3280 claudis
2598 3215 2908 3296 exempla

589 3315 727 3399 eius
771 3311 976 3396 pedis,
1024 3332 1215 3396 quem
1263 3314 1328 3377 in
1373 3313 1586 3396 priore
1632 3312 1715 3380 de
1759 3314 2247 3382 irrationalitate
2294 3316 2525 3400 capitis
2556 3322 2741 3399 parte
2789 3315 2904 3381 de-

591 3415 846 3497 scripsit
888 3413 1332 3481 Aristoxenus.
1674 3438 1679 3441 ’

760 3514 844 3579 At
889 3533 1054 3597 quae
1100 3515 1183 3581 de
1226 3517 1446 3582 metris
1491 3516 1742 3584 claudis
1788 3519 2145 3602 statuimuS,
2199 3540 2324 3586 non
2370 3521 2817 3604 probabuntur
2864 3542 2907 3588 a

588 3616 746 3682 viris
791 3615 1016 3682 doctis.
1092 3617 1391 3700 Plerique
1423 3620 1592 3685 enim
1636 3625 1980 3687 metrorum
2026 3621 2400 3689 claudorum
2446 3629 2741 3707 tempora
2786 3643 2907 3690 ex-

588 3724 794 3784 trema
836 3717 1030 3807 plane
1076 3719 1264 3785 aliter
1308 3722 1667 3788 metiuntur.
1742 3723 1876 3788 Alii
1909 3724 2076 3789 enim
2112 3724 2178 3789 in
2209 3725 2303 3791 eis
2335 3725 2628 3790 ultimum
2660 3724 2908 3808 pedem

589 3821 680 3885 ita
724 3819 1048 3883 inversum
1094 3838 1236 3886 esse
1281 3822 1489 3903 aiunt,
1548 3830 1617 3889 ut
1675 3844 1791 3907 pro
1850 3825 2063 3891 iambo
2117 3826 2405 3909 legitimo
2452 3833 2728 3912 ponatur
2772 3834 2905 3896 tro·

593 3919 850 4003 chaeuS,
897 3920 1343 4005 syllabamque
1389 3926 1573 3990 metri
1625 3927 1989 4010 percutiunt
2031 3929 2527 4012 paenultimam,
2588 3949 2718 4013 qua
2760 3930 2907 3996 lon-

589 4042 813 4106 garum
862 4020 1127 4088 duarum
1175 4042 1617 4107 percussarum
1666 4029 2001 4096 collisione
2045 4029 2204 4115 fieri,
2251 4039 2321 4098 ut
2350 4031 2502 4098 insit
2532 4031 2599 4097 in
2629 4052 2906 4099 numero
