3177 4960
886 332 970 387 De
1005 332 1422 388 irrationalitate
1456 332 1638 390 studia
1670 333 1988 404 rhythmica.
2469 334 2591 394 341

455 503 619 570 Sunt
680 510 897 572 autem
965 506 1129 573 inter
1198 512 1550 574 ceterarum
1617 505 1966 572 formarum
2027 508 2362 590 exempla,
2429 526 2596 589 quae

274 607 495 674 attulit
526 606 879 690 Seidlems,
927 608 1254 691 nonnulla,
1294 627 1460 692 quae
1506 628 1623 692 per
1654 608 2038 692 synaphiam
2071 628 2214 674 cum
2260 609 2595 692 insequen-

276 711 452 776 tibus
489 708 898 777 cohaereant.
988 709 1119 777 Sed
1152 716 1402 778 constat
1431 709 1795 777 Seidlerum
1825 711 2038 777 furore
2070 709 2352 793 quodam
2397 709 2593 778 doch·

275 812 555 878 miorum
588 810 1186 895 investigandorum
1229 810 1690 878 inflammatum
1720 813 1919 879 multa
1965 810 2278 879 dochmiis
2309 810 2594 897 adscrip-

279 914 466 997 sisse,
515 932 681 997 quae
712 914 796 980 ab
830 914 924 981 eis
955 914 1170 981 aliena
1200 919 1365 981 sunt.
1455 914 1615 982 Gum
1648 915 1819 981 enim
1855 913 2138 980 dochmii
2181 915 2415 997 longae
2460 915 2598 981 sine

275 1017 416 1082 ulla
447 1016 831 1099 exceptione
861 1017 1027 1084 solvi
1061 1022 1126 1082 et
1154 1036 1272 1100 pro
1303 1016 1555 1084 arsibus
1583 1017 1889 1084 brevibus
1919 1016 2156 1099 ubique
2187 1016 2414 1100 longas
2444 1018 2596 1100 poni

277 1136 478 1202 posse
502 1116 813 1196 erederet,
837 1118 1075 1185 factum
1102 1124 1217 1202 est,
1250 1124 1319 1184 ut
1347 1137 1648 1186 numerus
1672 1118 2087 1187 dochmiacus
2111 1119 2599 1186 constitueretur

278 1229 611 1306 tamquam
669 1221 919 1306 asylum
984 1221 1266 1286 omnium
1325 1227 1702 1306 metrorum,
1773 1221 2003 1304 quibus
2061 1221 2249 1287 aliter
2313 1222 2597 1306 prospici

275 1345 405 1391 non
452 1328 725 1409 poterat.

456 1426 668 1493 Prom.
704 1427 859 1490 692:
905 1421 1166 1507 λύματα
1213 1417 1476 1506 δείματ’
1530 1416 1859 1512 ἆμ-φήκει
1888 1428 2135 1510 κέντρῳ
2165 1422 2442 1509 ψύ-χειν
2472 1433 2598 1507 ψυ-

278 1528 407 1612 χὰν
454 1525 618 1611 ἐμάν
653 1525 880 1608 (Seidl.
911 1547 976 1611 p.
1012 1530 1117 1605 33)
1160 1548 1201 1593 a
1245 1527 1480 1594 Weilio
1511 1528 1576 1594 in
1622 1535 2117 1612 anapaestorum
2161 1527 2424 1594 modum
2471 1526 2600 1594 dis-

279 1634 495 1717 posita
539 1636 713 1699 sunt:

280 1732 593 1819 πήματα,
658 1729 953 1815 λύματα,
1024 1730 1308 1814 δείματα
1370 1733 1618 1816 κέντρῳ
1684 1722 1924 1815 ψύχειν
1988 1726 2212 1813 ψυχὰν
2279 1721 2598 1816 ἆμφάκει.

282 1837 446 1906 Oed.
480 1837 616 1905 Col.
655 1839 851 1901 1491:
900 1831 980 1899 ἰώ
1016 1831 1096 1899 ἰώ
1146 1845 1279 1900 παῖ
1317 1835 1530 1917 βᾶ-θι
1574 1825 1748 1916 ,ἂι-ἴθ’
1803 1825 1930 1899 εἴτ’
1985 1826 2190 1917 ἄκραν
2235 1833 2599 1917 Seidlerus3

282 1942 661 2008 lacunosum
711 1948 856 2006 esse
901 1936 1216 2005 indicavit
1259 1938 1389 2003 iam
1432 1936 1772 2021 Reiskius3
1829 1935 2232 2020 antistropha
2275 1938 2359 2009 (v.
2411 1940 2599 2011 1477)

283 2042 634 2109 iambicum
692 2041 905 2124 potius
963 2039 1320 2106 dimetrum·
1375 2058 1516 2105 cum
1574 2038 1856 2106 hiatibus
1915 2037 2257 2117 (Wundero
2317 2040 2600 2116 auctore)

284 2143 651 2229 significare
706 2142 965 2210 videtur
1023 2161 1215 2226 quam
1269 2140 1624 2209 dochmios.
1714 2140 1893 2226 Sept.
1942 2144 2160 2206 205oe
2186 2144 2309 2208 213
2376 2140 2600 2220 (Seidl.

283 2268 348 2332 p.
386 2251 489 2322 77)
538 2246 660 2312 erit
716 2263 926 2329 paeon
985 2249 1247 2328 quartus
1295 2264 1436 2310 cum
1485 2245 1774 2311 trimetro
1821 2244 2144 2327 dactylico
2188 2243 2599 2327 logaoedieoz

456 2380 459 2383 ·
733 2337 847 2411 ὅτε
880 2369 953 2411 τε
998 2343 1332 2431 σύ-ριγγες
1377 2342 1694 2429 ἔκλαγξαν
1738 2342 2066 2430 ἑλίτροχοι

638 2440 837 2515 Νὸτ’
890 2440 1092 2526 ὀλοᾶς
1129 2448 1139 2530 Ι
1178 2449 1545 2533 νιφομένας
1586 2444 1839 2532 βρόμος
1883 2445 1954 2513 ἓν
1998 2444 2264 2524 πύλαις.

284 2554 456 2622 Aliis
516 2558 733 2620 autem
791 2553 953 2620 locis
1008 2553 1199 2618 aliter
1253 2557 1447 2635 atque
1504 2571 1545 2618 a
1606 2550 1901 2618 Seidlero
1958 2549 2403 2618 distribuenda
2459 2557 2605 2616 sunt

287 2657 489 2724 verba
536 2656 601 2721 in
647 2674 947 2721 numeros
993 2652 1438 2721 dochmiacos:

464 2757 540 2826 Ο.
589 2757 725 2824 Col.
778 2760 1044 2823 1563oe
1074 2760 1239 2822 1574
1286 2755 1511 2834 (Seidl.
1558 2778 1622 2842 p.
1661 2759 1766 2831 30)
1813 2774 1956 2822 cum
2003 2754 2326 2821 Wundero
2371 2754 2602 2821 melius

289 2859 632 2929 bacchium
679 2864 744 2925 et
800 2858 1199 2941 dochmium,
1259 2878 1448 2942 quam
1495 2857 1866 2926 dochmium
1913 2877 2056 2924 cum
2101 2858 2336 2925 cretico
2381 2857 2603 2924 facias.

290 2962 584 3030 Eandem
651 2980 1051 3029 numerorum
1110 2962 1623 3028 coniunctionem
1681 2959 1877 3027 video
1934 2961 2001 3026 in
2057 2960 2298 3027 Phoen.
2359 2981 2421 3027 v.
2485 2963 2605 3025 176

294 3068 521 3149 (Seidl.
553 3086 618 3150 p.
651 3068 786 3142 32):
832 3059 1091 3128 Σελάνα
1123 3060 1486 3146 (Σελαναία
1530 3063 1707 3146 libri)
1751 3060 2187 3149 χρυσόκυκλον
2232 3063 2351 3141 (sic
2397 3062 2606 3145 codd„

288 3165 765 3255 χρυσεόκυκλον
796 3168 1016 3250 vulgo)
1048 3167 1319 3252 φέγγος;
1352 3166 1519 3233 Med.
1550 3171 1708 3231 1251
1741 3187 1822 3226 ω
1850 3168 2033 3230 1261.
2069 3164 2175 3231 Or.
2207 3168 2327 3228 145
2352 3183 2430 3223 cx>
2463 3167 2598 3229 157.

291 3272 538 3340 Phoen.
580 3271 721 3336 169.
808 3270 883 3335 In
943 3266 1113 3334 Phil.
1144 3289 1205 3334 v.
1246 3272 1407 3333 1096
1463 3276 1639 3335 ratus
1698 3274 1796 3336 est
1850 3267 2180 3333 Seidlerus
2238 3264 2604 3333 dochmium

293 3373 636 3459 complecti
682 3372 968 3456 syllabas
1014 3354 1070 3433 ὦ
1111 3362 1497 3455 βαρύποτμ’
1552 3361 1668 3435 οὐκ
1715 3363 1892 3448 ἄλλη
1941 3367 2099 3434 mihi
2142 3366 2398 3435 videtur
2441 3367 2603 3436 arsis

291 3479 521 3546 ultima
565 3474 1089 3560 hypercatalecta
1118 3472 1377 3540 dimetri
1406 3473 1668 3539 iambici
1704 3471 2145 3539 antecedentis
2176 3470 2492 3538 trahenda
2521 3471 2605 3538 ad

295 3580 669 3649 dochmium
712 3597 874 3660 esse,
921 3595 1114 3662 quem
1159 3581 1463 3661 sequatur
1506 3574 1868 3659 tetrapodia
1913 3574 2262 3658 dactylica:

596 3675 674 3744 σύ
719 3701 826 3744 τοι
874 3675 953 3743 σύ
997 3701 1105 3744 τοι
1148 3675 1621 3764 κατηξίω-σας,
1669 3660 1721 3740 ὦ
1765 3666 2156 3760 βαρύπότμ3
2209 3667 2325 3741 οὐκ

595 3775 887 3846 ἄλλοθεν
934 3774 975 3844 ἆ
1021 3776 1182 3861 τυχα
1232 3771 1342 3844 ἅδ’
1394 3772 1534 3845 ἀπὸ
1581 3776 1903 3862 μείζονος.

470 3883 611 3969 Iph.
645 3884 792 3949 Aul.
830 3885 992 3948 1289
1026 3882 1249 3960 (Seidl.
1281 3905 1345 3969 p.
1380 3886 1484 3960 52)
1521 3883 1576 3950 si
1624 3880 1958 3949 dochmios
2004 3883 2214 3950 inesse
2260 3882 2382 3965 vis,
2429 3882 2608 3965 lege:

295 3984 551 4072 ματρὸς
596 3977 874 4069 ἆπόπρὸ
924 3988 1291 4071 νο-σφίσας
1334 3981 1450 4051 ἐπὶ
1493 3981 1682 4071 μόρῳ
1722 3991 1734 4067 Ι
1771 3982 2180 4051 θανατόεντι
2224 3980 2448 4068 Πάριν
2486 3982 2495 4065 Ι
2535 3980 2611 4060 ὃς

289 4083 531 4165 Ἰδαῖος
588 4079 866 4163 Ἰ-ὁαῖος
934 4080 1170 4170 ἐλέγετ’
1246 4079 1489 4173 ἐλέγετ’
1535 4091 1546 4165 Ι
1587 4084 1684 4154 ἐνὶ
1754 4089 2034 4175 Φρυγῶν
2100 4083 2319 4152 πόλει.
2389 4120 2462 4132 -
2537 4087 2612 4153 In
