3177 4960
637 336 767 398 306
1607 332 1767 404 Hugo
1800 333 1988 389 Jusatz

648 511 942 579 omnibus
987 508 1303 577 eiusmodi
1349 508 1569 575 metris
1617 526 1734 575 eae
1780 507 2004 589 εεᾱεε,
2059 524 2226 591 quae
2270 506 2337 571 in
2381 503 2719 590 glyconeis
2764 506 2930 589 longa

649 613 925 698 exprimi
970 612 1207 693 solent,
1268 609 1503 677 cadant
1558 611 1625 675 in
1672 610 1928 693 singula
1969 609 2191 677 verba.
2279 608 2702 675 Inveniuntur
2745 614 2931 675 autem

647 714 969 783 interdum
1026 719 1230 780 metra
1284 712 1399 777 illa
1454 711 1621 778 inter
1677 712 1997 795 glyconea
2049 711 2223 790 (Eur.
2268 709 2495 796 Suppl.
2543 713 2695 790 979)
2753 716 2855 777 aut
2899 730 2931 776 a

649 816 984 902 glyconeis
1027 814 1114 884 ad
1157 814 1289 881 alia
1331 820 1537 881 metra
1591 812 1931 880 traducunt
1974 811 2075 891 (Ο.
2108 811 2178 880 O.
2217 816 2336 879 186
2362 815 2609 878 ω205.
2638 813 2777 879 Ion.
2809 814 2929 877 497.

650 917 886 987 Baeeh.
926 920 1045 983 106
1068 936 1150 979 ω
1177 918 1322 991 122)
1367 916 1476 982 vel
1524 915 1609 981 ab
1669 914 1816 981 aliis
1871 914 2094 981 metris
2154 913 2241 981 ad
2295 912 2724 999 pherecratea
2765 913 2928 991 (Med.

653 1024 798 1085 211.
830 1019 976 1086 Hel.
1013 1019 1177 1084 1486
1203 1038 1281 1079 ω
1312 1020 1519 1091 1503).
1608 1015 1923 1084 Videntur
1965 1022 2182 1083 autem
2227 1017 2517 1085 consulto
2562 1018 2655 1083 ita
2701 1037 2930 1101 compa·

649 1128 792 1189 rata
836 1140 978 1189 esse
1022 1141 1064 1187 a
1105 1121 1339 1206 poetis,
1385 1126 1456 1186 ut
1498 1119 1698 1186 alium
1729 1138 1984 1202 quoque
2016 1139 2348 1187 numerum
2377 1118 2720 1187 admittant
2750 1114 2928 1205 (κοινὴ

649 1221 836 1299 λύσις
867 1221 1077 1305 Heph.
1116 1242 1181 1307 p.
1215 1225 1294 1288 34
1325 1222 1484 1306 W.);
1528 1240 1831 1289 numerus
1877 1222 2046 1288 enim
2090 1221 2566 1307 quodammodo
2612 1240 2929 1305 suspensus

650 1344 792 1393 esse
848 1322 1139 1410 videtur,
1196 1325 1337 1391 sive
1382 1329 1452 1390 ut
1508 1323 2006 1411 trepidationem
2064 1323 2389 1408 quandam
2445 1322 2762 1405 significet
2814 1325 2929 1390 sive

651 1433 720 1494 ut
760 1426 1011 1493 numeri
1053 1427 1479 1494 variationem
1521 1422 1944 1510 (μεταβολὴν)
1982 1427 2296 1494 obscuret.
2372 1425 2537 1492 Sunt
2578 1431 2789 1493 autem
2818 1443 2928 1491 me·

651 1536 769 1615 tra,
816 1547 982 1612 quae
1025 1527 1113 1595 ad
1155 1529 1542 1612 glyeoneum
1585 1530 1860 1596 alterum
1905 1527 2274 1596 revocanda
2317 1534 2481 1611 sunt,
2529 1527 2712 1597 haee:

982 1628 1272 1714 Choeph.
1305 1631 1416 1695 283
1465 1628 1730 1705 λακίδες
1772 1628 2068 1716 ἔφλαδον
2110 1623 2232 1695 ὑπ’
2286 1626 2589 1715 ἄλγεσιν·

1200 1752 1278 1792 x
1302 1734 1414 1797 38:
1458 1729 1721 1798 θεόθεν
1763 1730 1998 1797 ἔλακον
2041 1727 2378 1817 ὑπέγγυοι.

1125 1834 1228 1900 Ai.
1258 1836 1415 1899 608:
1458 1830 1576 1899 τὸν
1621 1826 2018 1919 ἆπότροπον
2063 1826 2337 1923 ἀίδηλον
2378 1827 2609 1901 Ἅιδαν

1157 1938 1415 2000 ω6213
1462 1932 1658 2000 ἔπεσ’
1709 1934 1911 2002 ἔπεσε
1954 1938 2219 2020 μελέοις
2239 1929 2632 2024 Ἀτρείδαις.

1001 2037 1100 2102 El.
1133 2038 1257 2101 209
1288 2056 1414 2120 sq.:
1463 2035 1565 2115 οἷς
1608 2036 1776 2116 θεὸς
1819 2034 1854 2106 ὃ
1902 2044 2109 2125 μέγας
2144 2032 2510 2124 Ὀλύμπιος

1453 2145 1741 2224 ποίνιμα
1785 2140 2025 2208 πάθεα
2070 2147 2327 2210 παθεῖν
2372 2143 2595 2229 πόροι.

1016 2260 1094 2301 ω
1124 2243 1248 2304 229
1280 2261 1408 2325 sq.:
1456 2239 1645 2308 ἄνετε
1687 2235 1763 2326 μ’
1818 2240 2025 2327 ἄνετε,
2072 2245 2479 2333 παράγοροι·

1452 2342 1615 2411 τάδε
1657 2343 1784 2433 γὰρ
1829 2342 2040 2414 ἄλυτα
2082 2347 2487 2437 κεκλήσεται.

983 2444 1058 2513 Ο.
1091 2445 1225 2514 001.
1262 2448 1414 2514 1863
1458 2450 1781 2536 τέτροφεν
1827 2444 2075 2538 ἄφιλον
2121 2443 2523 2537 ἆποστυγεῖν

1153 2561 1237 2611 'oe
1259 2554 1413 2617 2053
1458 2556 1564 2628 τίς
1594 2546 1642 2618 ’ό
1692 2552 2081 2631 πολύπονος
2127 2549 2307 2641 ἄγεις
2348 2547 2478 2621 τίν’
2533 2543 2614 2620 ὃν

983 2649 1058 2718 Ο.
1092 2651 1229 2719 Col.
1259 2656 1414 2720 538:
1461 2651 1724 2732 ἔπαθες
1778 2658 1894 2722 ΟΙ.
1941 2655 2210 2724 ἔπαθον
2257 2651 2490 2723 fil-am?
2551 2657 2717 2740 ἔχειν

1162 2759 1419 2821 oe545:
1466 2753 1692 2835 ἔκανες
1745 2760 1860 2824 ΟΙ.
1908 2757 2160 2827 ἔκανον.
2250 2759 2382 2842 ἔχει
2427 2759 2501 2825 δέ
2542 2784 2681 2843 μοι.

869 2853 1100 2921 Traeh.
1132 2858 1257 2920 947
1286 2877 1415 2942 sq.:
1462 2857 1719 2946 πότερα
1764 2859 2094 2946 πρότερον
2141 2860 2490 2947 ἐπιστένει),

1456 2959 1717 3047 πότερα
1757 2965 1963 3046 μέλεα
2007 2969 2405 3051 περαιτέρω.

1017 3079 1099 3118 Ν
1128 3063 1252 3126 950
1285 3081 1412 3146 sq.:
1457 3061 1621 3130 τάδε
1662 3065 1784 3148 μὲν
1830 3065 2061 3150 ἔχομεν
2105 3062 2272 3153 ὃρᾶν
2318 3066 2572 3151 δόμοις,

1456 3164 1619 3232 τάδε
1663 3167 1736 3233 δὲ
1778 3172 2062 3251 μένομεν
2109 3164 2221 3235 ἐπ’
2275 3167 2564 3237 ἐλπίσιν.

957 3264 1190 3334 Trach.
1227 3269 1418 3334 10083
1464 3259 1928 3357 ἆνατέτροφας
1970 3263 2011 3338 ὅ
2052 3297 2120 3337 τι
2160 3275 2268 3339 καὶ
2316 3272 2491 3359 μύσῃ

1119 3389 1196 3430 ω
1225 3374 1419 3437 10303
1459 3362 1873 3456 άποτίβατος
1918 3366 2118 3460 άγρία
2164 3374 2380 3453 νόσος.

1024 3468 1192 3534 Phil.
1228 3475 1423 3538 1210:
1470 3477 1539 3539 τί
1582 3497 1753 3540 ποτε
1768 3503 1790 3557 ,·
1838 3480 1959 3542 (DI.
2006 3481 2269 3562 πατέρα
2311 3475 2639 3560 ματεύων.

1092 3571 1233 3638 Ale.
1267 3578 1424 3641 9073
1471 3574 1670 3663 ἔφερε
1711 3576 1910 3645 κακὸν
1955 3571 2125 3660 ἅλις,
2175 3574 2442 3657 ἄτεκνος
2486 3568 2575 3647 ὢν

1163 3679 1419 3744 m930:
1468 3676 1678 3745 ἔθανε
1723 3679 1964 3767 δάμαρ,
2013 3681 2205 3749 ἔλιπε
2250 3684 2488 3770 φιλίαν
2533 3684 2722 3769 (glyc.
2765 3679 2850 3746 III
2884 3675 2928 3753 ?)

1066 3776 1232 3843 Med.
1264 3783 1420 3846 2113
1470 3776 1562 3848 δι’
1617 3774 1748 3848 ἅλα
1793 3784 2013 3867 νύχιον
2059 3778 2173 3873 ἐφ’
2228 3778 2529 3870 ἆλμυροῖν

1008 3875 1232 3963 Suppl.
1265 3883 1423 3948 9793
1475 3881 1752 3967 δάκρυσι
1797 3886 2064 3974 νοτερὸν
2111 3881 2212 3954 άεὶ
2264 3888 2545 3957 πέπλων

661 3981 932 4078 &reptio
968 4011 1286 4068 admittatur
1320 4014 1439 4084 (1³5.
1467 4014 1599 4071 vm
1626 4021 1708 4073 28.
1747 4020 1827 4074 Χῖ
1852 4026 1900 4076 9.
1938 4021 2092 4077 Nem.
2120 4021 2201 4076 111
2227 4026 2328 4089 39).
2400 4021 2508 4077 sed
2545 4037 2610 4078 ea
2645 4020 2814 4078 omnia
2843 4015 2927 4071 ‹112-

664 4094 950 4163 quisitione
984 4098 1214 4155 maxime
1251 4099 1411 4170 digna
1447 4107 1592 4157 sunt.
