3177 4960
602 329 725 388 238
1551 326 1713 395 nugo
1747 326 1940 382 Jusatz

604 513 894 571 tessaron
940 507 1087 567 sunt
1116 500 1259 583 tria,
1303 501 1371 565 in
1402 499 1708 585 diapente
1752 508 2074 584 quattuor,
2120 500 2247 564 duo
2280 499 2348 564 in
2394 500 2751 566 intervallis
2793 500 2915 563 τοῦ

605 603 719 671 διὰ
747 601 1092 685 τεσσάρων
1121 602 1496 684 minoribuS‚
1544 622 1738 668 unum
1783 602 1850 667 in
1879 602 2240 668 intervallis
2271 600 2622 668 hemitonio
2652 603 2912 668 minori-

606 712 744 777 bus.
833 709 908 773 In
952 706 1192 772 ultimis
1237 724 1393 770 vero
1439 704 1656 772 verbis
1706 739 1781 751 —-
1833 706 1901 770 in
1937 705 2268 771 codicibus
2313 704 2562 771 scilicet
2604 706 2914 788 scriptum

606 818 704 878 est
748 808 855 875 ὅτι
901 804 1376 893 προειρημένοι
1409 798 1719 889 ἀριθμοὶ,
1767 808 1938 890 quod
1986 808 2142 890 quin
2186 827 2229 872 a
2258 807 2607 872 Meibomio
2654 815 2719 872 et
2747 807 2913 871 Mar-

605 911 874 997 quardio
932 917 1107 977 recte
1159 909 1568 976 emendatum
1615 910 1730 994 sit,
1781 929 1907 975 non
1954 909 2218 974 dubium
2268 944 2346 954 -
2393 909 2571 974 idem
2615 899 2916 991 ἀριθμὸς

604 1014 958 1082 affirmatur
1002 1012 1240 1078 habere
1285 1019 1502 1095 partes
1545 1012 1720 1078 sonis
1766 1011 2193 1078 circumdatas
2211 1062 2228 1095 ‚
2273 1031 2509 1095 nempe
2552 1012 2914 1078 intervalla.

606 1120 777 1202 Ergo
823 1108 1122 1200 ἀριθμὸς
1167 1114 1275 1181 hic
1318 1113 1642 1197 significat
1682 1135 1812 1179 non
1856 1121 1987 1179 tam
2019 1132 2372 1197 numerum,
2420 1134 2548 1197 quo
2590 1120 2746 1197 quot
2789 1115 2919 1180 sint

605 1221 672 1285 in
715 1225 850 1285 toto
896 1224 1132 1302 partes,
1178 1216 1497 1283 indicatur
1535 1215 1858 1300 (Anzahl),
1906 1236 2098 1299 quam
2142 1222 2344 1282 totum
2388 1218 2598 1299 ipsum
2644 1236 2727 1282 ex
2771 1236 2917 1299 par-

606 1323 763 1387 tium
832 1321 940 1387 vel
1000 1319 1437 1403 inaequalium
1506 1319 1955 1385 coniunctione
2014 1318 2343 1404 effectum,
2414 1318 2586 1402 quod
2646 1319 2919 1385 dicimus

606 1444 939 1490 summam.
1029 1422 1459 1489 Contaminati
1505 1429 1654 1487 sunt
1697 1423 1891 1504 igitur
1932 1442 2011 1487 ac
2041 1422 2363 1487 coniuncti
2408 1442 2535 1487 una
2581 1441 2741 1487 voce
2787 1421 2919 1486 duo

608 1546 855 1609 sensus,
887 1527 1051 1590 alter
1081 1526 1441 1591 abstractus
1474 1523 1688 1607 (Zaffl,
1717 1524 2015 1603 Anzahl),
2048 1524 2213 1589 alter
2244 1531 2576 1590 concretus
2606 1523 2920 1600 (Summe)

606 1629 792 1695 nobis
825 1647 967 1695 esse
1000 1628 1269 1693 videtur.
1357 1628 1541 1692 Illam
1581 1628 1827 1692 nomini
1874 1627 2223 1693 subicimus
2253 1628 2406 1709 vim,
2452 1628 2708 1710 quoties
2737 1626 2919 1692 colli-

606 1732 815 1814 gimus
876 1730 1184 1796 monadas
1241 1731 1406 1796 inter
1451 1751 1522 1797 se
1565 1749 1811 1813 aequas
1868 1726 2275 1814 (συμβλητὰς
2328 1730 2441 1794 καὶ
2501 1719 2922 1814 ἀδιαφόρους

607 1834 870 1900 Aristot.
905 1832 1188 1916 Metaph.
1236 1833 1301 1920 Μ
1326 1835 1384 1896 6.
1431 1852 1493 1915 p.
1533 1834 1752 1897 1080a
1784 1834 1884 1896 20.
1941 1833 2092 1896 1081
2116 1852 2158 1897 a
2190 1833 2273 1916 5),
2319 1831 2505 1912 hanc,
2551 1851 2680 1896 non
2724 1830 2922 1895 modo

610 1955 753 2001 cum
811 1939 1028 2018 partes
1084 1940 1153 1999 ut
1209 1935 1494 2016 iniquas,
1554 1935 1648 2000 ita
1699 1953 1937 2017 genere
1997 1940 2304 2016 cognatas
2362 1934 2735 2017 copulamus
2793 1952 2932 1998 una

609 2037 752 2104 sive
807 2056 878 2102 re
936 2037 1079 2104 sive
1136 2036 1427 2117 notione,
1496 2035 1611 2102 sed
1672 2037 1865 2102 etiam
1926 2057 2069 2102 cum
2136 2036 2517 2119 respicimus
2574 2041 2780 2100 totum
2838 2054 2931 2099 ex

608 2137 991 2205 monadibus
1056 2139 1282 2221 aequis
1349 2139 1773 2221 compositum
1839 2139 2055 2223 potius
2122 2158 2315 2222 quam
2383 2157 2715 2203 numerum
2785 2157 2929 2202 mo-

608 2240 915 2316 nadum.¹)

782 2341 962 2420 Quae
994 2344 1050 2410 si
1080 2363 1441 2427 sequemur,
1481 2334 1779 2427 ἀριθμὸς
1811 2342 1932 2408 erit
1961 2363 2210 2409 summa
2238 2342 2720 2408 intervallorum
2752 2362 2927 2409 com·

608 2446 886 2530 plurium
918 2447 983 2512 in
1016 2445 1409 2532 harmonica,
1457 2452 1815 2532 temporum
1856 2445 1920 2511 in
1951 2445 2333 2530 rhythmica.
2396 2442 2739 2522 Quaeritur
2771 2450 2934 2527 quot

610 2555 676 2614 et
706 2549 1011 2632 qualium.
1074 2548 1580 2632 significationis
1612 2551 1786 2616 illius
1811 2550 2180 2632 exemplum
2203 2555 2458 2632 praeter
2488 2548 2705 2613 locum
2729 2566 2932 2631 supra

614 2650 880 2716 allatum
941 2650 1008 2715 in
1053 2650 1429 2717 harmonica
1472 2651 1903 2717 Aristoxenea
1960 2651 2179 2716 inveni
2223 2650 2489 2715 nullum.
2578 2650 2650 2714 In
2697 2648 2929 2733 rhyth-

609 2752 780 2817 mica
836 2758 1051 2817 autem
1097 2753 1367 2834 primum
1428 2752 1738 2819 adeamus
1783 2751 2153 2818 Aristidem.
2245 2751 2441 2835 Apud
2487 2771 2677 2835 quem
2726 2753 2929 2836 scrip-

611 2858 743 2917 tam
790 2852 1089 2919 videmus
1134 2873 1360 2919 vocem
1406 2845 1711 2937 ἀριθμὸν
1754 2854 1884 2919 alio
1932 2871 2119 2921 sensu
2164 2875 2243 2920 ac
2271 2855 2522 2920 numeri
2566 2853 2930 2919 mathema-

584 2954 723 3021 tici
768 2955 836 3018 in
866 2952 1271 3036 rhythmicae
1303 2962 1488 3038 parte
1519 2976 1618 3039 ea,
1665 2976 1831 3039 quae
1877 2957 1963 3023 ad
1994 2955 2439 3042 rhythmorum
2468 2939 2645 3041 ἦθος
2674 2962 2931 3040 spectat

608 3056 720 3121 lib.
753 3056 836 3121 II.
883 3076 946 3139 p.
980 3058 1060 3122 98
1085 3056 1247 3122 Mb.:
1294 3055 1366 3121 οἵ
1389 3079 1463 3141 γε
1491 3054 1624 3140 μὴν
1657 3054 1977 3123 σύνθετοι
2021 3056 2322 3140 (ῥυθμοὶ)
2371 3055 2930 3143 παθητικώτεροί

606 3156 680 3223 τὲ
725 3155 860 3223 εἰσι
902 3158 1000 3241 τῷ
1044 3155 1213 3223 κατὰ
1257 3156 1332 3223 τὸ
1383 3158 1704 3225 πλεῖστον
1748 3157 1905 3236 τοὺς
1949 3156 2023 3235 ἐξ
2064 3151 2156 3224 ὧν
2202 3157 2577 3243 σύγκεινται
2622 3156 2927 3247 ῥυθμοὺς

500 3319 505 3325 ,
612 3263 719 3339 (=
748 3259 991 3341 πόδας,
1040 3263 1117 3328 cf.
1150 3262 1433 3329 Aristox.
1467 3283 1528 3345 p.
1566 3265 1668 3346 35,
1702 3264 1783 3326 25
1816 3262 1940 3340 W.)
1987 3258 2055 3326 ἐν
2102 3255 2447 3349 ἀνισότητι
2475 3265 2923 3345 θεωρεῖσθαι,

785 3417 835 3476 1)
871 3412 1121 3467 Summae
1167 3413 1218 3465 vi
1266 3406 1520 3482 ἀριθμὸν
1566 3420 1801 3481 usurpat
1833 3412 2082 3481 Xenoph.
2122 3412 2298 3466 Anab.
2350 3412 2404 3465 11
2441 3415 2488 3478 2,
2515 3416 2563 3465 6.
2611 3412 2719 3468 VII
2755 3416 2807 3479 8,
2833 3416 2920 3465 26:

610 3492 863 3570 α’ριθμὸς
898 3500 997 3568 τῆς
1035 3491 1174 3553 ὁδοῦ
1209 3499 1461 3566 σταθμοὶ
1508 3506 1665 3569 τρεῖς
1705 3500 1803 3553 καὶ
1849 3492 2192 3569 ἐνενήκοντα
2236 3497 2329 3563 (cf.
2368 3501 2594 3569 πλῆθος
2638 3501 2744 3555 τοῦ
2791 3492 2928 3554 ὁδοῦ

610 3582 660 3637 V
687 3587 734 3647 5,
761 3587 825 3651 43
870 3579 1092 3655 χρόνου
1139 3586 1363 3653 πλῆθος
1398 3583 1504 3638 VH
1530 3587 1576 3648 8,
1604 3586 1715 3649 26),
1764 3582 2008 3651 quamvis
2055 3582 2157 3638 hos
2201 3582 2353 3637 locos
2402 3582 2762 3651 interpolatos
2810 3595 2927 3636 esse

612 3667 954 3722 consentiant
986 3666 1087 3721 viri
1122 3667 1301 3735 docti3
1337 3668 1526 3737 Polyb.
1563 3667 1690 3722 libri
1714 3667 1813 3720 XL
1837 3666 1957 3721 fin..
1944 3686 1957 3699 ·
1998 3661 2030 3724 ὃ
2071 3661 2321 3741 ἀριθμὸς
2357 3670 2457 3738 τῆς
2496 3659 2630 3740 ὅλης
2666 3687 2926 3742 πραγμα-

610 3755 795 3818 τείας;
833 3752 1058 3807 Aristot.
1087 3751 1331 3822 Metaph.
1369 3757 1428 3808 N
1452 3758 1497 3807 1.
1523 3769 1577 3822 p.
1605 3756 1782 3807 1088a
1810 3757 1900 3806 10·
1938 3748 2258 3826 ἄνθρωπος
2290 3749 2439 3809 καὶ(
2426 3749 2604 3820 ι’ππος
2637 3757 2735 3810 καὶ
2766 3748 2927 3818 θεὸς,

610 3833 808 3914 ζῷον>
789 3835 943 3904 ι’σως,
977 3840 1076 3894 καὶ
1102 3857 1133 3893 ο
1162 3830 1413 3910 ἀριθμὸς
1438 3859 1630 3895 αυτων
1654 3835 1776 3895 ἐστι
1798 3840 1921 3913 ζῷα
1958 3837 2050 3904 (cf.
2075 3838 2316 3908 Metaph.
2344 3842 2390 3895 A
2417 3841 2499 3893 26.
2538 3856 2591 3909 p.
2623 3838 2800 3894 1023b
2827 3842 2926 3891 29.

609 3920 678 3981 τὸ
703 3921 966 3981 καθόλου
999 3926 1098 3979 καὶ
1122 3918 1192 3979 τὸ
1228 3913 1376 3989 ὅλως
1410 3920 1799 3995 λεγόμενον..
1857 3918 2028 3980 ,οἷον
2063 3920 2386 3997 ἄνθρωπον
2417 3920 2603 3981 ιππον
2635 3920 2795 3989 θεὸν,
2831 3944 2928 3979 οτι

609 4005 800 4067 πάντα
826 4011 984 4084 ζῷα).
1044 4009 1180 4062 Item
1205 4008 1347 4076 quod
1372 4007 1528 4062 Plato
1564 4009 1717 4064 ideas
1741 4024 1871 4065 suas
1896 4009 2137 4079 appellat
2172 4003 2474 4081 ἀριθμοὺς,
2510 4025 2621 4063 non
2654 4022 2929 4073 numeros,

501 4094 509 4101 ’
609 4110 793 4152 verum
829 4107 1065 4149 summas
1099 4093 1337 4161 intellegi
1372 4092 1539 4147 voluit
1571 4094 1690 4158 (Ar.
1727 4095 1862 4150 Met.
1902 4097 1974 4150 M
2004 4099 2053 4149 ¹1.
2091 4111 2145 4163 p.
2176 4098 2354 4149 1081a
2388 4099 2491 4160 35).
