3177 4960
802 360 817 375 “
900 358 982 414 De
1015 358 1427 412 irrationalitate
1464 357 1649 413 studia
1681 358 1998 427 rhythmica.
2496 357 2617 416 183

390 584 404 596 .
443 583 457 597 .
493 582 507 596 .
544 580 578 595 .-
608 530 757 607 οἵας
788 531 1171 617 παρείληφε
1200 533 1283 615 τῇ
1314 529 1515 617 φύσει
1559 527 1683 606 τὰς
1729 528 2064 613 συλλαβὰς
2105 528 2228 606 τάς
2256 553 2329 594 τε
2357 529 2616 615 μακρὰς

383 637 495 700 καὶ
540 631 663 710 τὰς
704 637 1039 717 βραχείας,
1084 632 1399 710 τοιαύτας
1445 634 1802 719 φυλάττει·

388 739 546 803 Mar.
595 738 758 803 Vict.
803 758 867 821 p.
904 740 983 803 39
1010 738 1123 802 K.:
1167 737 1418 802 metrici
1463 744 1699 820 autem,
1744 743 1935 820 prout
1971 737 2278 820 cuiusque
2324 737 2614 820 syllabae

388 840 726 924 longitudo
772 860 850 906 ac
894 839 1179 905 brevitas
1223 839 1435 923 fuerit,
1481 839 1573 905 ita
1617 845 1975 924 temporum
2020 840 2231 922 spatia
2275 837 2544 904 definiri.

298 943 675 1026 discrepare
718 947 932 1007 autem
980 943 1046 1006 in
1092 941 1594 1025 rhythmicorum
1639 942 2022 1008 rationibus:

387 1196 508 1278 frg.
547 1195 844 1261 Ambros.
891 1215 954 1278 p.
989 1197 1069 1257 12
1095 1195 1207 1259 K:
1254 1188 1289 1258 ὁ
1339 1192 1411 1257 δὲ
1457 1191 1741 1281 ῥυθμὸς,
1790 1187 1880 1270 ὥς
1921 1190 2254 1276 βούλεται,
2300 1193 2619 1277 παρέλκει

714 1292 871 1371 τοὺς
909 1292 1206 1377 χρόνους,

389 1400 661 1484 Longin.
694 1420 757 1484 p.
794 1401 904 1464 84:
951 1394 986 1463 ὅ
1020 1396 1092 1463 δὲ
1123 1396 1404 1483 ῥυθμὸς,
1452 1392 1544 1475 ὡς
1570 1397 1905 1481 βούλεται,
1940 1397 2111 1464 ἕλκει
2142 1396 2297 1476 τοὺς
2322 1398 2618 1483 χρόνους,

387 1503 547 1569 Mar.
596 1501 759 1567 Vict.
805 1523 868 1585 p.
903 1505 1005 1583 42,
1039 1505 1075 1566 3
1101 1503 1210 1567 K.:
1269 1523 1417 1568 nam
1462 1501 1876 1587 (rhythmus),
1930 1509 2000 1568 ut
2041 1503 2248 1586 volet,
2303 1503 2621 1587 protrahit

711 1611 1022 1688 tempora,

390 1706 662 1789 Dionys.
688 1726 741 1771 Ο.
780 1709 852 1769 11
875 1699 952 1789 εὴ
981 1703 1052 1769 δὲ
1076 1703 1368 1793 ῥυθμικὴ
1391 1705 1504 1770 καὶ
1526 1702 1809 1791 μουσικὴ
1833 1704 2365 1787 μεταβάλλουσιν
2391 1698 2616 1784 αὐτὰς,

392 1809 744 1875 Diomedes
790 1830 852 1892 p.
887 1811 1011 1873 468
1038 1810 1152 1873 K.:
1197 1808 1482 1891 rhythmi
1527 1829 1646 1893 pro
1692 1815 1909 1875 nostro
1954 1808 2220 1876 arbitrio
2399 1860 2414 1874 .

389 1912 509 1995 frg.
552 1911 823 1977 Parisin.
872 1911 1192 1977 Vincentii
1237 1913 1275 1987 ὅ
1308 1915 1373 1976 3:
1422 1903 1456 1975 ὃ
1508 1907 1579 1974 δὲ
1628 1903 1828 1986 αὐτὸς
1874 1908 2136 1997 ῥυθμὸς
2181 1962 2195 1975 .
2224 1962 2238 1975 .
2266 1962 2278 1973 .
2307 1960 2321 1975 .

1422 2064 1496 2129 Β.

388 2166 509 2248 frg.
557 2165 882 2230 Ambros.:
944 2160 1099 2238 τοὺς
1154 2162 1276 2246 μὲν
1331 2161 1708 2248 μακροὺς
1766 2166 2245 2230 συστέλλων
2302 2168 2414 2231 καὶ
2469 2158 2620 2230 τοῦ·

711 2271 998 2331 ναντίον.
1043 2302 1127 2312 —-
1257 2342 1263 2347 .

386 2371 508 2452 frg.
556 2369 863 2435 Parisin.:
909 2365 1066 2444 τοὺς
1109 2367 1231 2450 μὲν
1276 2366 1586 2434 ἐκτείνειν
1630 2367 1930 2449 κελεύων,
1975 2366 2132 2445 τοὺς
2177 2369 2248 2434 δὲ
2294 2368 2616 2454 συνάγειν,

391 2473 696 2556 Dionys.:
740 2473 1051 2554 μειοῦσαι
1096 2473 1207 2536 καὶ
1256 2465 1596 2552 αὔξουσαι,

393 2576 693 2642 Diomed.
709 2599 724 2641 ε
748 2596 919 2642 nunc
934 2576 1193 2642 brevius
1207 2577 1462 2658 arctari,
1487 2596 1655 2642 nunc
1671 2577 1924 2660 longius
1947 2574 2220 2658 provehi
2236 2582 2520 2660 possunt.
2536 2611 2620 2621 —-

393 2832 513 2914 frg.
561 2832 863 2897 Parisin.:
909 2829 1064 2906 τοὺς
1109 2830 1182 2896 δὲ
1228 2829 1416 2907 ἰ’σους
1460 2843 1687 2896 ποιεῖν
1733 2828 2064 2918 ἂλλήλοις.
2120 2866 2199 2875 —-

395 2934 699 3018 Dionys.:
746 2924 919 2998 ὥστε
963 2932 1290 3009 πολλάκις
1337 2931 1433 3009 εἷς
1477 2926 1802 2999 τάναντία
1844 2945 2271 3017 μεταχωρεῖν.
2318 2971 2404 2978 -

393 3036 695 3120 Longin.:
720 3032 1048 3111 πολλάκις
1068 3038 1225 3120 γοῦν
1247 3033 1759 3117 καὶτὸν-βραχὺν
1777 3034 2016 3120 χρόνον
2040 3048 2232 3100 ποιεῖ
2249 3034 2522 3118 μακρόν.
2545 3070 2619 3081 -

393 3139 553 3203 Mar.
600 3139 798 3205 Vict.:
846 3140 938 3204 ita
982 3145 1051 3204 ut
1095 3140 1293 3206 breve
1338 3146 1591 3223 tempus
1635 3140 2012 3224 plerumque
2056 3140 2318 3222 longum
2362 3138 2620 3221 efficiat,

396 3392 555 3457 Mar.
602 3392 795 3459 Vict.:
842 3394 1103 3477 longum
1151 3393 1505 3461 contrahat.
1550 3429 1635 3439 —-

484 3496 857 3581 Praecepti,
913 3496 1086 3580 quod
1131 3496 1492 3580 significavi
1534 3498 1594 3562 A
1639 3496 1880 3579 littera,
1942 3513 2166 3562 sensus
2211 3502 2324 3561 aut
2365 3516 2625 3580 prorsus

308 3603 423 3663 aut
449 3617 659 3681 paene
706 3600 970 3666 evanuit
998 3600 1064 3665 in
1094 3599 1213 3683 frg.
1246 3600 1539 3666 Parisino
1571 3605 1636 3665 et
1662 3597 1837 3682 apud
1868 3597 2272 3680 Diomedem,
2318 3600 2624 3665 omissum

310 3706 527 3766 autem
570 3701 627 3765 B
684 3722 726 3768 a
785 3702 1077 3785 Longino
1138 3708 1203 3767 et
1258 3702 1462 3767 Mario
1507 3701 1868 3783 Victorino,
1929 3700 1980 3766 G
2026 3700 2211 3768 deest
2267 3701 2625 3783 fragmento

309 3802 742 3869 Ambrosiano
802 3809 867 3869 et
912 3803 1248 3888 Diomedi,
1309 3804 1370 3867 D
1431 3805 1606 3870 solus
1665 3802 1861 3869 habet
1910 3803 2167 3869 Marius.
2258 3803 2356 3868 Ea
2410 3809 2626 3869 autem

310 3910 682 3988 praecepta,
729 3924 894 3988 quae
923 3906 1233 3989 postremi
1276 3906 1450 3971 illius
1493 3906 1752 3971 nomine
1794 3905 2100 3987 feruntur,
2146 3905 2449 3970 minimae
2480 3910 2627 3970 sunt

310 4007 713 4073 auctoritatis
731 4053 747 4085 ,
809 4008 1113 4090 quoniam
1157 4009 1432 4091 primum
1480 4006 1744 4090 quidem
1788 4006 2019 4090 verba,
2082 4026 2247 4090 quae
2291 4005 2626 4072 traduntur

315 4108 468 4175 inde
498 4129 540 4174 a
572 4129 765 4192 „nam
796 4101 870 4175 ut‘
897 4106 1137 4190 volet“,
1181 4130 1309 4176 non
1339 4116 1484 4176 sunt
1522 4128 1755 4175 causae
1800 4108 2347 4191 antecedentibuS,
2393 4107 2625 4190 quibus
