3177 4960
874 337 958 392 De
991 336 1408 393 irrationalitate
1442 337 1625 393 studia
1658 337 1978 407 rhythmica.
2464 337 2587 398 297

439 508 999 588 Quemadmodum
1033 516 1246 577 autem
1294 511 1361 576 in
1401 510 1791 577 carminibus
1836 509 2378 594 dactyloepitritis
2423 511 2591 576 arsis

261 613 658 680 irrationalis
717 633 862 680 raro
916 614 1296 698 exprimitur
1348 614 1565 696 brevi,
1630 613 1937 696 quoniam
1982 631 2223 695 agoges
2283 610 2586 679 tarditate

263 734 414 783 cum
474 715 693 781 omnia
759 720 1056 799 tempora
1109 715 1543 800 producuntur
1600 721 1734 781 tum
1794 715 2193 782 irrationalia
2246 713 2453 798 adeo,
2524 721 2593 781 ut

260 818 503 884 breves
563 817 657 884 eis
720 817 1064 902 explendis
1123 818 1237 884 vix
1294 823 1405 884 aut
1463 817 1721 884 omnino
1775 838 1904 885 non
1949 815 2299 899 sufficiant,
2359 816 2590 884 eodem

260 918 465 986 modo
528 920 595 985 in
640 921 862 987 metris
908 920 1039 987 illis
1084 918 1766 1006 pseudologaoedicis,
1828 920 1894 986 in
1938 919 2170 1003 quibus
2217 938 2483 986 caesura
2529 925 2594 985 et

262 1028 421 1088 ante
451 1023 716 1106 longam
746 1022 922 1089 arsin
960 1022 1396 1089 irrationalem
1429 1029 1493 1089 et
1535 1028 1683 1106 post
1715 1041 1858 1089 eam
1904 1022 2180 1106 ponitur,
2226 1022 2389 1088 arsis
2434 1022 2591 1087 irra-

262 1124 535 1191 tionalis
581 1144 725 1190 raro
772 1125 972 1189 utitur
1015 1124 1272 1207 syllaba
1314 1125 1531 1208 brevi;
1576 1125 1644 1189 in
1689 1125 1971 1192 carmine
2017 1124 2187 1191 enim
2220 1122 2320 1191 Ol.
2352 1123 2450 1188 IX
2480 1129 2589 1190 str.

263 1227 439 1290 3-6
487 1225 703 1293 brevis
749 1227 952 1292 semel
996 1227 1081 1306 (v.
1117 1229 1212 1311 3),
1278 1247 1517 1311 anceps
1562 1227 1764 1293 semel
1809 1231 1895 1301 (V.
1931 1228 2056 1309 41),
2100 1227 2297 1309 longa
2342 1226 2592 1307 tricies3

260 1329 386 1412 Py.
419 1328 486 1393 II
530 1334 637 1395 str.
672 1331 710 1391 2
742 1348 981 1413 anceps
1026 1331 1228 1396 semel
1259 1331 1343 1407 (v.
1378 1333 1502 1413 50),
1550 1330 1792 1414 septies
1823 1331 2050 1412 longa3
2096 1329 2279 1395 Nem.
2312 1328 2377 1393 II
2408 1333 2514 1394 str.
2552 1331 2590 1391 5

262 1432 474 1498 semel
505 1431 722 1497 brevis
756 1434 841 1508 (V.
878 1434 1004 1513 20),
1036 1431 1231 1515 longa
1268 1438 1512 1516 quater,
1546 1433 1655 1500 Ist.
1692 1432 1778 1497 VI
1812 1432 2047 1499 str.·5b
2079 1450 2335 1515 semper
2366 1431 2593 1514 longa3

263 1534 424 1599 item
456 1534 526 1598 in
549 1533 843 1601 versibus
874 1532 975 1601 Ol.
1001 1534 1098 1599 IX
1132 1536 1250 1599 108
1278 1540 1342 1601 et
1366 1535 1472 1601 Ist.
1506 1535 1571 1599 Π
1607 1539 1682 1601 19
1715 1535 1948 1618 longae
1977 1539 2232 1618 praeter
2262 1533 2475 1617 legem
2507 1531 2594 1599 ad

265 1635 458 1702 verbi
490 1634 683 1701 finem
731 1637 980 1719 positae
1025 1656 1342 1720 nusquam
1388 1634 1739 1719 respondet
1783 1637 2030 1718 brevis3
2077 1636 2144 1701 in
2189 1656 2381 1701 carm.
2436 1654 2592 1701 vero

265 1740 382 1806 Ist.
417 1739 510 1806 VI
539 1745 648 1804 str.
684 1741 720 1802 3
768 1744 992 1821 quater
1037 1739 1274 1822 brevis,
1319 1758 1559 1824 anceps
1605 1740 1828 1821 semel,
1875 1758 2026 1821 ergo
2073 1745 2294 1804 contra
2339 1756 2593 1804 omnem

263 1841 644 1926 opinionem
689 1839 1043 1925 accideret,
1102 1842 1188 1919 si,
1249 1847 1318 1906 ut
1364 1845 1462 1907 est
1505 1841 1570 1905 in
1618 1840 1865 1906 Pauwii
1913 1860 1972 1905 v.
2022 1841 2078 1904 8.
2141 1838 2593 1907 emendatione

265 1943 375 2022 (cf.
409 1964 473 2028 p.
509 1943 679 2025 291),
724 1942 918 2026 longa
961 1943 1349 2009 irrationalis
1394 1949 1739 2025 poneretur
1784 1948 1933 2009 ante
1978 1961 2329 2008 caesuram.

262 2078 437 2133 niana
475 2093 585 2132 non
621 2074 874 2142 violatur,
910 2075 959 2129 si
983 2074 1178 2130 scribis
1215 2091 1264 2130 v.
1294 2078 1348 2127 2:
1387 2069 1506 2131 ἔστι
1542 2067 1596 2129 δ’
1633 2104 1701 2113 -
1736 2075 1925 2130 eadem
1960 2089 2218 2129 caesurae
2241 2073 2476 2129 varietas
2512 2075 2595 2129 in·

264 2163 500 2227 venitur,
536 2175 677 2230 quae
711 2159 770 2214 in
810 2159 1137 2214 carminibus
1181 2159 1254 2214 ad
1288 2159 1433 2216 viros
1466 2160 1676 2227 missis,
1731 2160 1877 2215 velut
1912 2160 2064 2214 Nem.
2090 2159 2138 2215 V
2163 2176 2211 2213 v.
2239 2164 2296 2214 1:
2352 2153 2448 2216 ἐπ’
2499 2154 2592 2217 αὖ·

266 2247 378 2309 τοῖς
401 2245 421 2312 ΙΙ
447 2245 740 2316 βαθμίδος
776 2264 848 2300 m
886 2261 937 2299 v.
965 2249 1019 2299 7:
1066 2249 1319 2318 χρυσεᾶν
1348 2246 1358 2314 Ι
1389 2246 1718 2317 Νηρηίδων,·
1772 2244 1855 2299 01.
1882 2244 2016 2300 VIII
2050 2249 2139 2299 49:
2193 2239 2295 2300 ἐπ’
2342 2238 2554 2321 Ἰσθμῷ
2577 2249 2596 2313 ss

265 2330 488 2405 ποντίᾳ
507 2346 581 2386 ω
603 2334 693 2384 56:
730 2349 803 2398 με
839 2331 986 2405 λίθῳ
1016 2331 1024 2395 Ι
1056 2339 1261 2401 τραχεῖ
1293 2325 1521 2402 φθόνος
1544 2331 1678 2384 etin
1706 2332 1896 2395 metr0,
1933 2330 2076 2398 quod
2102 2328 2274 2383 simile
2300 2334 2382 2384 est
2405 2329 2587 2386 ionico

266 2415 628 2470 anaclomeno
655 2414 1000 2470 catalectico:
1029 2414 1110 2470 Ol.
1138 2416 1270 2472 VIII
1294 2433 1342 2471 v.
1371 2419 1425 2470 62
1452 2409 1670 2488 ἀρετὰν
1700 2415 1710 2484 Ι
1740 2417 1907 2487 θυμῷ
1929 2417 2131 2487 λαβεῖν
2153 2431 2228 2469 ω
2245 2430 2294 2469 v.
2316 2418 2410 2468 51:
2450 2408 2595 2472 ἄπο-

270 2500 525 2569 πέμπων
553 2502 571 2567 Β
597 2495 836 2557 Αἰακόν.
907 2500 1005 2555 Eis
1031 2504 1213 2557 autem
1238 2507 1531 2557 metrorum
1556 2499 2111 2570 dactyloepitritorum
2136 2498 2287 2565 locis),
2325 2500 2421 2554 ubi
2456 2502 2596 2556 arsis

266 2585 608 2640 irrationalis
647 2585 1013 2655 frequentiore
1048 2588 1220 2642 utitur
1242 2587 1408 2653 brevi,
1444 2586 1521 2640 ibi
1545 2585 1708 2652 longa
1744 2588 1799 2638 et
1834 2584 2010 2639 brevis
2046 2583 2322 2640 interdum
2357 2584 2498 2641 inter
2535 2601 2597 2641 se

266 2671 613 2740 respondent
649 2686 717 2725 ex
750 2671 867 2738 lege
891 2670 1228 2729 Porsoniana
1267 2672 1380 2741 (Py.
1407 2670 1487 2724 IX
1512 2674 1612 2725 str.
1642 2676 1683 2735 1,
1720 2669 1814 2723 ubi
1837 2668 2000 2737 longa
2026 2668 2218 2733 sexies,
2256 2668 2434 2723 brevis
2460 2684 2594 2738 qua-

266 2759 377 2822 ter,
403 2772 454 2811 v.
487 2761 541 2810 1:
579 2753 764 2812 ἐθέλω
796 2758 804 2823 Ι
833 2758 1198 2827 χαλκασπίδα
1236 2762 1290 2812 et
1307 2773 1389 2812 vv.
1418 2760 1500 2810 34.
1540 2760 1624 2809 51.
1656 2757 1738 2810 76.
1768 2759 1849 2810 84.
1882 2758 2069 2808 109«)
2090 2771 2139 2809 v.
2161 2757 2218 2807 9:
2273 2747 2552 2812 ὑπέδεκτο
2580 2756 2601 2827 ΙΙ

266 2834 329 2898 δ’
375 2833 735 2915 ἀργυρόπεζ’
772 2833 1079 2913 Ἀφροδίτα
1126 2846 1251 2899 etv.
1281 2846 1376 2910 593
1412 2840 1508 2895 Ist.
1532 2839 1610 2894 IV
1634 2843 1732 2895 str.
1763 2844 1811 2905 2,
1837 2855 1886 2894 v.
1917 2843 1975 2892 2:
2022 2838 2124 2896 σέο
2161 2831 2223 2911 γ’
2269 2834 2430 2897 ἕκατι
2454 2842 2474 2911 ΙΙ
2500 2846 2598 2899 καὶ

271 2932 334 2981 et
362 2942 445 2981 vv.
473 2930 521 2981 8.
552 2932 616 2981 29
645 2943 717 2980 ω
737 2942 786 2981 v.
813 2930 904 2979 23:
942 2921 1242 2983 θεοδότων
1272 2928 1280 2997 Ι
1312 2924 1499 3000 ἔργων
1524 2929 1578 2979 et
1602 2942 1681 2980 vv.
1710 2929 1793 2979 44.
1822 2929 1904 2979 50.
1977 2925 2041 2980 In
2067 2941 2152 2995 ep.
2179 2931 2206 2977 7
2236 2939 2451 2995 semper
2474 2927 2600 2982 bre-

267 3012 359 3066 vis
401 3015 528 3067 ante
565 3015 875 3077 caesuram)
914 3016 1009 3066 aut
1044 3012 1236 3066 saltem
1279 3028 1388 3067 non
1423 3010 1684 3066 inciditur
1718 3014 1844 3080 post
1878 3010 2092 3079 longam
2139 3010 2311 3076 (Nem.
2338 3011 2474 3067 VIII
2498 3019 2595 3069 str.

269 3103 324 3161 5,
368 3112 447 3150 vv.
476 3102 526 3150 5.
560 3100 636 3149 10.
664 3100 747 3151 22.
776 3100 836 3149 27
864 3109 938 3148 Ν
964 3100 1046 3150 39.
1071 3100 1164 3164 443
1214 3095 1310 3151 Ist.
1338 3096 1364 3149 I
1388 3102 1484 3151 str.
1514 3100 1562 3162 2,
1599 3113 1681 3153 vv.
1710 3099 1757 3152 2.
1785 3098 1851 3149 42
1878 3108 1950 3146 Ν
1980 3101 2026 3151 8.
2061 3100 2138 3151 19.
2167 3100 2249 3149 25.
2289 3100 2371 3151 36.
2401 3101 2484 3152 53.
2515 3102 2597 3165 59,

270 3180 454 3248 alias).
526 3180 667 3236 Aliis
704 3195 838 3237 vero
876 3180 1033 3247 lociS,
1069 3180 1163 3235 ubi
1197 3180 1377 3235 brevis
1413 3180 1683 3236 invenitur
1717 3180 2069 3250 frequentior,
2104 3196 2214 3235 non
2252 3185 2474 3236 curatur
2508 3182 2599 3238 lex

270 3265 623 3321 Porsoniana
657 3266 778 3332 (Ist.
806 3266 887 3320 III
913 3270 1011 3323 str.
1038 3269 1085 3333 2,
1122 3266 1217 3320 ubi
1241 3270 1438 3334 quater
1473 3267 1668 3333 brevis,
1705 3265 1880 3320 sexies
1917 3266 2094 3333 longa,
2131 3281 2179 3318 v.
2208 3268 2299 3318 20:
2337 3259 2598 3335 ἕφαναςη

272 3344 554 3419 Ἰσθμίοις
599 3356 655 3405 et
691 3368 771 3406 vv.
800 3356 883 3405 44.
911 3355 975 3405 56
1015 3355 1072 3405 et
1104 3351 1337 3406 fortasse
1372 3367 1422 3405 v.
1449 3354 1507 3406 8:
1546 3352 1919 3424 χαρίτεσσι[ν]
1958 3344 2267 3421 βαστάσαι,
2304 3351 2402 3405 sed
2425 3369 2474 3407 v.
2504 3356 2596 3407 26:

269 3439 623 3501 κελαδεννᾶς
648 3437 667 3504 ΙΙ
694 3429 753 3492 τ’
785 3430 1035 3509 ὀρφανοὶ
1060 3440 1114 3491 et-
1133 3451 1213 3489 vv.
1238 3439 1319 3490 38.
1344 3440 1446 3503 80).
1495 3437 1691 3505 Itaque
1715 3434 1859 3503 quod
1884 3432 2149 3489 Christius
2175 3434 2383 3499 (Μειιικ2
2400 3454 2454 3508 p.
2479 3443 2599 3508 581)

270 3522 418 3577 duas
465 3521 876 3590 compositionis
922 3520 1395 3591 dactyloepitritae
1445 3522 1655 3590 species
1704 3519 1972 3588 dignoscit
2005 3526 2322 3587 argumento
2366 3525 2599 3581 maxime

273 3620 354 3660 ex
390 3604 565 3660 brevis
615 3606 759 3661 arsis
798 3606 1089 3662 crebritate
1126 3611 1369 3675 sumpto,
1423 3605 1576 3674 sequi
1612 3620 1723 3660 non
1758 3620 1999 3674 possum.
2074 3604 2265 3674 Neque
2299 3607 2444 3662 enim
2481 3625 2599 3666 car·

271 3690 428 3745 mina
461 3693 581 3746 tota
616 3690 763 3746 inter
800 3705 860 3746 se
900 3691 1176 3758 differunt,
1213 3705 1394 3745 verum
1432 3694 1607 3745 metra
1631 3689 1859 3759 singula,
1898 3705 2007 3744 non
2034 3691 2372 3760 compositio,
2413 3709 2599 3750 verum

273 3789 470 3843 agoge.
545 3775 800 3830 Ceterum
854 3789 1097 3841 carmen,
1147 3775 1291 3843 quod
1341 3775 1597 3831 deteriori
1646 3774 2052 3844 compositionis
2100 3776 2299 3844 speciei
2334 3778 2601 3835 adscribit

271 3861 398 3927 (Ist.
435 3860 558 3927 IV),
595 3876 704 3915 non
741 3861 980 3930 pusillis,
1018 3865 1078 3915 ut
1111 3860 1190 3914 illi
1228 3860 1464 3927 videtur,
1516 3862 1690 3916 utitur
1726 3860 2000 3926 versibus,
2037 3860 2301 3929 siquidem
2336 3865 2599 3933 strophae

271 3960 472 4001 versus
509 3946 705 4001 tertius
746 3960 871 4000 cum
906 3948 1116 4014 quarm,
1154 3945 1375 4014 quintus
1413 3961 1537 4001 cum
1576 3949 1749 4012 sexto,
1788 3946 1950 4014 epodi
1984 3949 2171 4002 sextus
2207 3961 2329 4001 cum
2366 3949 2597 4016 septimo

272 4035 446 4099 atque
490 4031 728 4087 fortasse
780 4047 902 4087 cum
949 4031 1164 4100 quinto,
1210 4046 1369 4100 quem
1413 4032 1775 4088 acatalectum
1825 4046 1945 4087 esse
1980 4031 2157 4087 iudico
2176 4070 2191 4097 ,
2239 4033 2598 4102 coniungendi

273 4121 456 4171 erunt.
