3177 4960
870 313 954 369 De
987 313 1400 371 irrationalitate
1434 314 1617 371 studia
1651 316 1971 386 rhythmica.
2451 319 2576 379 313

176 515 185 522 ·
250 509 317 554 V.
374 491 575 553 1092:
635 479 972 564 εὐξύνετον
1019 485 1312 565 ξυνετοῖς
1354 485 1552 571 βοὰν,
1614 489 1854 557 Aldina
1897 496 1962 557 et
2006 490 2366 558 Erfurdtius
2410 492 2574 560 false

253 588 615 667 ξυνετοῖσι.

434 693 561 772 Qui
591 698 807 759 autem
841 692 973 774 fiat,
1018 699 1090 759 ut
1116 694 1434 777 glyconeo
1465 712 1564 778 ee,
1613 693 1787 778 quod
1819 693 2260 762 choriambum
2291 697 2575 764 medium

253 795 505 863 habere
551 795 839 878 videtur,
896 795 1287 880 respondeat
1330 795 1429 879 id,
1501 796 1676 881 quod
1721 797 1786 863 in
1831 796 2272 865 choriambum
2318 799 2577 884 desinit,

252 898 439 965 haud
467 899 662 966 facile
696 904 793 965 est
823 898 1171 965 intellectu.
1248 898 1380 965 Sed
1413 900 1479 965 id
1510 898 1674 966 mihi
1705 900 1965 983 quidem
1997 909 2291 969 constare
2320 902 2580 970 videtur

252 1022 385 1068 non
434 1001 829 1084 respondere
876 1000 1136 1084 dactylo
1184 1000 1557 1068 trochaeum
1604 1007 1670 1067 et
1711 1000 2016 1069 trochaeo
2063 1003 2422 1088 dactylum,
2485 1007 2577 1071 in-

251 1105 413 1176 vitis
480 1103 989 1188 rhythmicorum
1052 1105 1519 1171 neotericorum
1583 1105 1719 1171 fere
1785 1105 2111 1189 omnibus,
2181 1113 2401 1191 utpote
2470 1110 2579 1193 qui

254 1208 593 1292 dactylum
637 1207 836 1290 illum,
884 1226 1076 1290 quem
1120 1207 1399 1291 cyclium
1439 1207 1804 1291 appellant,
1852 1208 2080 1275 eodem
2124 1210 2259 1277 fere
2303 1211 2441 1277 iure
2484 1212 2579 1277 uti

253 1311 636 1395 opinentur,
696 1328 822 1394 quo
867 1315 1289 1393 anapaestum
1333 1309 1606 1376 trimetri
1649 1311 1879 1377 comici
1923 1311 2155 1379 iambis
2200 1312 2578 1379 admixtum.

257 1412 384 1479 Oui
433 1412 690 1479 obstant
734 1431 878 1478 cum
919 1411 1090 1477 aliae
1137 1430 1373 1478 causae
1431 1412 1791 1495 permultae
1835 1418 1971 1479 tum
2017 1433 2098 1481 ea
2152 1415 2576 1499 potissimum,

259 1514 474 1599 quod,
536 1515 592 1581 si
636 1513 1057 1598 responderet
1113 1513 1414 1580 trochaeo
1479 1514 1807 1599 dactylus,
1868 1535 1994 1582 non
2041 1516 2232 1584 modo
2277 1537 2579 1584 numerus

253 1618 456 1685 valde
501 1623 853 1690 mutaretur
869 1666 885 1699 ‚
947 1616 1062 1683 sed
1110 1617 1305 1683 etiam
1349 1615 1705 1683 modulatio
1763 1637 2024 1701 prorsus
2081 1619 2578 1702 perturbaretur,

252 1721 381 1788 nisi
454 1720 620 1787 forte
693 1719 939 1803 dactyli
1005 1720 1301 1785 brevium
1358 1724 1695 1802 utramque
1753 1720 1984 1787 eodem
2042 1740 2198 1787 sono
2257 1727 2580 1789 cantatam

254 1843 405 1892 esse
463 1829 687 1907 putas,
746 1821 817 1888 id
873 1821 1047 1906 quod
1102 1841 1329 1906 parum
1376 1820 1725 1905 credibile;
1783 1823 1937 1905 quin
1982 1822 2212 1890 breves
2256 1823 2579 1890 interdum

254 1931 579 2012 ponuntur
646 1945 728 1992 ne
803 1925 869 1991 in
935 1923 1165 1991 eodem
1234 1923 1495 2007 quidem
1561 1924 1762 1992 verbo
1832 1924 2022 2004 (Phil.
2073 1928 2237 1991 1124
2270 1946 2346 1987 cx>
2391 1930 2575 1993 1147.

254 2027 505 2096 Phoen.
552 2030 949 2111 209oe221.
1009 2027 1108 2092 El.
1161 2028 1551 2092 196oe1173.
1598 2027 1788 2094 Herc.
1835 2028 1954 2093 fur.
2017 2029 2138 2092 808
2166 2031 2450 2110 oe791),
2511 2028 2581 2095 id

257 2130 437 2215 quod
476 2132 757 2198 comicos
786 2130 1113 2197 rarissime
1142 2135 1337 2212 atque
1383 2130 1574 2197 certis
1619 2130 1874 2213 legibus
1919 2130 2261 2198 admisisse
2308 2138 2578 2198 constat.

254 2233 330 2299 In
381 2253 528 2299 eam
570 2234 785 2316 potius
831 2232 1216 2300 sententiam
1260 2230 1567 2315 adducor,
1616 2238 1686 2298 ut
1731 2231 2272 2315 quemadmodum
2318 2234 2383 2299 in
2428 2233 2576 2300 cho·

258 2336 495 2402 riambi
542 2342 607 2402 et
664 2335 934 2402 diiambi
975 2336 1428 2420 responsione,
1485 2335 1578 2400 ita
1622 2335 1686 2398 in
1733 2335 2192 2419 glyconeorum
2236 2334 2578 2419 polysche-

258 2440 562 2507 matismo
608 2438 923 2522 neglectis
969 2443 1329 2523 temporum
1376 2437 1606 2522 spatiis
1638 2437 1957 2521 syllabam
1990 2436 2284 2522 syllabae
2314 2457 2578 2522 respon-

258 2543 416 2609 dere
478 2542 739 2609 credam
801 2548 866 2608 et
922 2540 1363 2608 choriambum
1420 2541 1724 2623 glyconei
1777 2541 1874 2606 III
1929 2541 2224 2607 ultimum
2288 2540 2577 2608 eiusdem

259 2646 436 2712 sonis
497 2645 907 2712 decantatum
951 2663 1128 2728 esse,
1189 2644 1421 2727 quibus
1480 2649 1782 2726 quattuor
1839 2644 2140 2727 glyconei
2184 2645 2249 2709 II
2294 2644 2578 2727 syllabas

259 2747 540 2813 ultimas.
631 2746 869 2812 Verum
909 2764 1052 2812 eam
1098 2745 1367 2812 diiambi
1413 2751 1478 2812 et
1522 2743 1879 2820 choriambi
1923 2733 2406 2830 responsionem
2451 2765 2580 2812 non

260 2869 526 2932 prorsus
561 2849 834 2916 eandem
867 2868 1010 2916 esse
1040 2869 1232 2932 quam
1263 2850 1330 2914 in
1364 2847 1801 2915 choriambico
1833 2849 2253 2916 anaclomeno
2283 2855 2582 2934 apertum

262 2959 374 3019 est.
468 2951 573 3017 Ibi
631 2953 804 3018 enim
858 2952 1279 3018 mutationem
1339 2952 1587 3018 numeri
1632 2951 1930 3019 adiuvari
1974 2972 2053 3019 ac
2113 2953 2300 3019 leniri
2356 2953 2581 3020 formis

262 3054 743 3121 irrationalibus
801 3055 1253 3138 cognovimus3
1314 3055 1479 3121 inter
1536 3055 1924 3138 glyconeum
1981 3075 2139 3122 vero
2198 3056 2471 3122 alterum
2518 3061 2583 3121 et

264 3158 520 3224 tertium
588 3158 797 3224 forma
860 3158 1282 3240 irrationalis,
1352 3162 1517 3240 quae
1584 3158 1669 3224 sit
1724 3158 1892 3224 inter
1947 3163 2283 3239 utrumque
2339 3156 2580 3239 media,

263 3281 388 3327 non
435 3260 779 3327 intercedit
808 3265 920 3325 aut
948 3265 1121 3327 certe
1165 3260 1564 3327 intercedere
1607 3259 1870 3342 probari
1900 3278 2025 3324 non
2054 3263 2287 3342 potest.
2376 3258 2579 3324 Immo

264 3363 649 3447 glyconeum
692 3362 790 3427 III
834 3361 1022 3429 sedes
1079 3361 1586 3429 irrationalitatis
1644 3361 1808 3428 alias
1855 3359 2083 3444 habet,
2142 3379 2336 3443 quam
2381 3366 2451 3426 ut
2497 3379 2581 3428 ex

262 3466 581 3549 glyconeo
626 3465 691 3529 II
735 3463 1160 3531 derivandum
1206 3484 1348 3533 esse
1394 3464 1544 3530 inde
1592 3463 1863 3531 eluceat.

1181 3719 1470 3788 CAPUT
1513 3717 1662 3784 XX.

264 3835 382 3916 De
433 3843 824 3917 metrorum
862 3836 1754 3942 pseudoloyaoedz‘corum
1810 3837 2094 3936 orz‘yz‘ne
2147 3860 2238 3913 ac
2293 3840 2577 3913 natura.

436 3978 674 4045 Forma
694 3983 910 4051 autem
935 3978 1342 4060 irrationalis,
1376 3978 1430 4045 si
1455 3997 1584 4061 qua
1604 3978 2066 4065 glyconeorum
2091 3976 2426 4045 amborum
2454 3975 2579 4043 dis-

269 4080 663 4163 crepantiam
695 4080 1025 4149 conciliari
1055 4100 1134 4149 ac
1163 4080 1355 4149 leniri
1384 4081 1741 4164 statuimus,
1774 4080 1830 4147 si
1861 4085 2154 4162 tempora
2183 4078 2582 4147 irrationalia
