3177 4960
662 345 784 404 258
1629 339 1784 409 Hugo
1818 339 2011 396 Jusatz

661 516 949 583 finitione
993 516 1421 582 Aristoxenea
1465 514 1795 581 conciliari
1841 532 2033 597 posse
2065 512 2225 579 mihi
2269 532 2644 594 persuasum
2678 517 2796 579 est.
2885 512 2964 577 De

661 622 755 687 eis
799 624 1044 701 autem,
1105 636 1270 701 quae
1315 618 1439 684 viri
1498 617 1672 684 docti
1733 616 2152 697 (Feussnerus
2198 636 2260 699 p.
2309 618 2422 700 60,
2484 613 2963 696 Βταηιὶιειοὶιίιιε,

663 721 1142 804 Baumgartius,
1202 720 1506 804 Weilius,
1567 718 2040 803 westphaliae,
2103 718 2186 785 de
2234 718 2464 801 quibus
2522 717 2632 785 adi
2678 716 2962 801 Westph.

663 823 809 889 Rh.³
852 843 914 906 p.
964 825 1083 887 120
1121 825 1287 905 sqq.)
1349 821 1431 888 de
1491 826 1765 905 utroque
1820 826 2167 905 praecepto
2221 828 2585 904 senserunt,
2643 820 2964 904 disputare

661 924 1070 1009 supersedeo,
1161 922 1319 1002 Quis
1365 923 1536 990 enim
1582 929 1755 991 recte
1803 923 2055 1004 viderit,
2101 943 2252 990 usus
2298 923 2572 990 docebit.

1561 1249 1745 1321 Pars
1798 1247 2046 1321 altera.

1206 1399 1310 1481 De
1362 1396 2028 1481 irrationalitatis
2081 1394 2421 1480 sedibus.

829 1554 1346 1620 Irrationalitatis
1392 1554 1614 1638 sedes,
1662 1560 1974 1636 quatenus
2020 1552 2106 1618 ad
2150 1571 2328 1618 arses
2374 1556 2696 1636 spectant,
2745 1570 2820 1616 eo
2866 1569 2957 1616 co·

660 1657 912 1740 gnosci,
973 1655 1145 1739 quod
1191 1657 1255 1721 in
1299 1657 1434 1723 lexi
1481 1656 1921 1740 exprimantur
1979 1654 2232 1739 syllaba
2291 1652 2482 1719 modo
2540 1654 2725 1719 brevi
2779 1650 2956 1717 modo

660 1759 874 1842 longa,
923 1759 1045 1823 viri
1079 1758 1253 1825 docti
1290 1759 1697 1826 consentiunt
1725 1759 1786 1839 ¹),
1832 1757 2180 1823 rationales
2224 1762 2441 1822 autem
2473 1760 2536 1822 et
2564 1773 2955 1822 monosemas

663 1880 803 1927 esse
835 1880 945 1927 eas
975 1880 1173 1942 arseS,
1221 1880 1386 1943 quae
1417 1861 1647 1944 longas
1678 1880 1806 1925 non
1838 1860 2183 1942 excipiant,
2229 1857 2347 1924 sed
2377 1858 2682 1924 brevibus
2718 1875 2957 1941 semper

662 1968 932 2028 utantur.
1010 1959 1199 2039 Quod
1230 1963 1285 2028 si
1316 1968 1489 2029 recte
1521 1982 1592 2028 se
1623 1961 1864 2029 habere
1901 1960 2332 2044 concedimu8‚
2380 1961 2471 2026 ita
2516 1958 2954 2042 explicandum

663 2065 802 2146 erit,
851 2071 920 2129 ut
963 2083 1403 2130 monosemum
1452 2066 1728 2148 spatium
1776 2070 1906 2129 tam
1937 2065 2134 2131 breve
2165 2065 2267 2145 sit,
2314 2069 2384 2129 ut
2415 2064 2651 2146 longae
2697 2081 2953 2147 pronun-

663 2165 924 2232 tiandae
955 2186 1083 2232 non
1113 2165 1411 2252 sufficiat,
1456 2168 1945 2233 irrationalitate
1975 2185 2132 2232 vero
2170 2171 2414 2232 tantum
2462 2166 2771 2249 temporis
2802 2164 2955 2231 adici

662 2288 1065 2353 monosemo,
1123 2275 1191 2334 ut
1232 2271 1340 2336 vel
1383 2270 1645 2353 longam
1701 2270 1906 2352 possit
1963 2269 2283 2351 excipere.
2375 2268 2511 2335 Usu
2567 2273 2786 2334 autem
2829 2287 2954 2352 pro·

661 2369 943 2437 bandum
991 2376 1088 2437 est
1131 2377 1384 2454 tempus
1441 2390 1881 2437 monosemum
1941 2371 2426 2436 irrationalitate
2470 2390 2597 2435 non
2641 2376 2819 2437 tanto
2861 2390 2954 2435 au-

662 2474 829 2557 geri,
890 2479 959 2539 ut
1003 2474 1196 2541 etiam
1249 2473 1499 2541 duabus
1558 2473 1863 2541 brevibus
1922 2472 2326 2557 excipiendis
2382 2493 2502 2557 par
2546 2471 2691 2556 fiat,
2751 2492 2952 2541 verum

662 2576 974 2643 disemum
1022 2576 1280 2644 demum
1325 2585 1578 2661 tempus
1616 2577 1816 2660 solvi3
1863 2577 2003 2642 sive
2034 2582 2105 2642 ut
2132 2576 2499 2642 notionibus
2529 2575 2953 2643 Aristoxeneis

663 2685 821 2762 utar,
869 2686 1121 2762 tempus
1168 2680 1538 2745 irrationale
1583 2678 1832 2746 disemo
1878 2679 2088 2744 minus
2122 2697 2265 2744 esse
2298 2671 2531 2753 ἅπλῶς
2576 2668 2952 2754 ἀσύνθετον,

662 2781 993 2847 minimum
1039 2786 1253 2846 autem
1309 2787 1559 2864 tempus
1611 2776 1779 2844 κατὰ
1839 2779 2302 2865 ῥυθμοποιίας
2354 2781 2589 2864 χρῆσιν
2649 2778 2953 2847 σύνθετον

664 2901 806 2948 esse
865 2880 1199 2948 disemum.
1290 2882 1362 2948 Si
1407 2889 1622 2949 autem
1681 2889 1971 2967 tempora
2028 2883 2274 2950 disemo
2333 2884 2584 2949 minora
2626 2904 2757 2950 non
2803 2884 2953 2951 exci-

663 2984 846 3065 piunt
908 2984 1087 3050 binas
1145 2986 1405 3066 breves,
1463 2986 1750 3068 sequitur
1812 2984 2128 3052 disemum
2182 3006 2309 3052 non
2354 2986 2658 3070 excipere
2714 2988 2953 3069 longam

665 3090 728 3151 et
772 3086 1066 3170 brevem3
1116 3107 1264 3153 nam
1310 3093 1420 3153 aut
1462 3087 1679 3154 brevis
1726 3093 1896 3155 esset
1940 3093 2228 3172 tempore
2272 3089 2480 3172 primo
2526 3089 2754 3172 minor,
2802 3086 2953 3172 quod

661 3187 801 3255 fieri
856 3209 1049 3272 posse
1106 3189 1456 3257 secundum
1512 3191 1727 3273 legem
1785 3191 1963 3256 illam
2022 3191 2514 3258 Aristoxeneam
2574 3192 2951 3275 negavimus

662 3297 772 3358 aut
815 3291 1009 3376 longa
1052 3293 1118 3358 in
1163 3311 1603 3359 monosemum
1650 3294 1927 3376 spatium
1976 3293 2415 3378 corripienda3
2461 3292 2636 3376 quod
2677 3295 2733 3361 si
2772 3293 2948 3370 fieret,

663 3413 747 3458 ex
790 3395 1010 3460 metris
1056 3394 1138 3460 de
1181 3394 1485 3477 rhythmo
1530 3393 1780 3477 aliquid
1841 3396 2141 3478 cognosci
2197 3414 2387 3479 posse
2439 3415 2702 3479 prorsus
2748 3395 2949 3478 despe-

665 3493 935 3560 randum
984 3501 1096 3562 est.
1172 3496 1410 3562 Contra
1439 3496 1656 3563 theses
1689 3516 1824 3578 eae,
1871 3517 2037 3580 quae
2083 3497 2371 3565 disemae
2404 3516 2547 3566 esse
2593 3503 2949 3576 statuuntur,

663 3615 873 3680 paene
918 3616 1231 3681 nusquam
1277 3598 1629 3666 redduntur
1674 3599 1928 3681 syllaba
1973 3599 2173 3667 brevi.
2254 3599 2578 3667 Sumimus
2625 3602 2815 3685 igitur
2842 3618 2948 3665 non

664 3717 856 3781 posse
879 3701 1152 3783 exprimi
1175 3707 1427 3783 tempus
1451 3720 1889 3768 monosemum
1914 3703 2169 3784 syllaba
2190 3703 2402 3785 longa,
2428 3703 2612 3770 brevi
2637 3702 2947 3769 disemum.

844 3938 892 4000 1)
926 3934 1174 4005 Excepto
1201 3951 1327 4002 uno,
1355 3935 1533 4004 quoad
1559 3936 1743 4002 sciam,
1771 3935 2132 3993 Brambachio
2164 3936 2440 4007 (Rhythm.
2467 3952 2520 3992 u.
2546 3941 2698 3992 metr.
2725 3936 2946 3992 Unterss.

666 4033 718 4089 p.
752 4023 861 4085 16),
909 4019 1000 4087 qui
1046 4034 1115 4074 an
1165 4020 1551 4076 irrationalitas
1587 4022 1891 4089 temporum
1927 4035 1958 4075 e
1994 4021 2177 4077 metris
2227 4020 2442 4077 omnino
2481 4022 2735 4092 cognosci
2767 4022 2945 4090 posset,

670 4104 938 4161 dubitavit
975 4108 1029 4159 et
1064 4103 1119 4160 in
1145 4105 1409 4175 rhythmis
1447 4109 1613 4160 cantu
1648 4105 1765 4161 solo
1793 4120 2104 4175 expressam
2139 4122 2260 4163 esse
2285 4107 2540 4176 opinatus
2567 4110 2662 4162 est.
