3177 4960
856 342 940 397 De
974 341 1392 397 irrationalitate
1428 341 1612 397 studia
1647 342 1961 412 rhythmica.
2442 345 2572 404 225-

239 509 361 597 οὐχ
411 513 559 581 οἶόν
603 537 676 579 τε
722 510 933 594 ἐστίν,
994 521 1058 580 et
1116 516 1226 599 qui
1285 511 1741 596 παραλλάττει
1798 512 1954 591 τοὺς
1995 514 2270 602 χρόνους
2328 513 2567 603 ῥητοὺς

241 612 474 704 ἀλόγῳ
504 617 637 683 τινὶ
664 613 906 703 χρόνῳ,
941 618 980 682 ἰ.
1007 637 1063 683 e.
1098 626 1337 701 quanto
1369 619 1453 685 sit
1475 618 1896 684 rationalibus
1926 620 2323 704 temporibus
2354 624 2561 690 maior

241 723 479 805 minor,
525 719 658 787 dici
701 740 828 785 non
874 725 1106 804 potest.
1196 718 1386 799 Quod
1431 721 1496 785 in
1527 718 1902 786 definitione
1946 741 2143 805 supra
2171 723 2373 790 allata
2403 725 2563 793 Bac-

241 823 432 892 chius
477 828 702 908 aperte
740 821 1026 905 tradidit,
1074 822 1248 888 idem
1279 821 1601 889 Aristides
1648 828 1711 888 et
1743 822 2094 908 Dionysius
2138 827 2356 892 testati
2400 834 2566 894 sunt.

1152 1076 1440 1145 CAPUT
1485 1078 1659 1144 VIII.

244 1194 452 1286 Quid
479 1197 580 1270 sit
609 1193 692 1266 τὸ
722 1193 916 1266 κατὰ
950 1193 1126 1276 τοὺς
1159 1203 1317 1268 τῶν
1339 1196 1706 1294 ἀριθμῶν
1728 1193 1969 1287 μόνον
2008 1194 2273 1296 λόγους
2312 1196 2560 1293 ῥητόν.

420 1332 831 1402 Irrationalia
889 1333 1102 1415 spatia
1158 1333 1422 1400 auribus
1479 1332 1782 1401 distincte
1838 1340 2032 1417 atque
2078 1343 2377 1404 accurate
2421 1357 2564 1422 per-

243 1436 383 1520 cipi
429 1454 559 1500 non
603 1454 796 1518 posse
827 1435 1274 1501 contendimus
1321 1441 1387 1501 et
1415 1437 1822 1503 consentiunt
1852 1437 1977 1503 viri
2008 1438 2202 1522 docti,
2250 1445 2565 1522 quatenus

238 1537 332 1603 ad
367 1536 804 1604 harmonicam
844 1538 1095 1604 attinet.
1184 1539 1415 1622 Itaque
1457 1539 1636 1605 notio
1680 1540 1801 1603 τοῦ
1834 1530 2076 1624 ἀλόγου
2122 1543 2566 1626 complectitur

241 1640 579 1706 notionem
622 1640 744 1703 τοῦ
792 1630 1129 1723 ἀγνώστου
1175 1640 1259 1726 τῇ
1297 1635 1640 1724 αἰσθήσει,
1687 1638 1763 1704 τὸ
1799 1636 1999 1726 ῥητὸν
2028 1648 2244 1709 autem
2277 1665 2565 1729 compre-

242 1740 479 1808 hendit
532 1738 608 1805 τὸ
656 1739 1011 1828 γνώριμον.
1113 1740 1303 1821 Quod
1362 1762 1507 1809 cum
1566 1763 1650 1809 ex
1696 1742 2174 1812 definitionibus
2217 1746 2346 1813 illis
2389 1748 2564 1831 apud

240 1844 790 1912 Pseudeuclidem
837 1850 901 1911 et
932 1845 1323 1928 Bryennium
1352 1845 1630 1930 aliisque
1671 1865 1754 1911 ex
1783 1846 1946 1913 locis
1977 1846 2400 1933 effecerimus,
2431 1856 2565 1915 tum

244 1946 406 2012 inde
463 1947 694 2029 liquet,
754 1946 930 2029 quod
989 1948 1242 2029 quoties
1301 1948 1459 2013 certi
1503 1947 1838 2014 cuiusdam
1866 1950 1868 1952 ’
1898 1949 2220 2014 intervalli
2276 1951 2382 2016 vel
2425 1953 2567 2018 soni

244 2048 644 2115 irrationalis
688 2049 1080 2115 mentionem
1123 2049 1280 2115 facit
1322 2048 1770 2132 Aristoxenus,
1816 2049 2168 2118 indefinitis
2200 2053 2396 2118 utitur
2425 2074 2567 2122 ver·

239 2151 351 2216 bis
409 2151 647 2234 (μικρῷ
704 2153 1230 2233 συντονωτέραν,
1289 2153 1507 2236 μικρῷ
1561 2152 1694 2216 τινὶ
1753 2155 1859 2215 καὶ
1911 2152 2259 2230 παντελῶς
2313 2147 2567 2240 ἀμελῳ-

242 2250 429 2337 δήτῳ
475 2250 770 2332 ἔλαττον,
817 2255 896 2321 cf.
928 2275 991 2338 p.
1024 2257 1142 2318 211
1176 2257 1315 2337 sq.).
1404 2254 1633 2338 Itaque
1679 2254 1852 2340 quod
1900 2246 2176 2340 ἀλογίαν
2222 2256 2382 2325 dicit
2427 2279 2568 2327 esse

242 2351 368 2417 δύο
417 2351 631 2438 λόγων
674 2359 1025 2441 γνωρίμων
1068 2357 1149 2440 τῇ
1198 2352 1521 2442 αἰσθήσει
1568 2348 1694 2420 ἀνά
1740 2359 1977 2438 μέσον,
2038 2350 2314 2441 ἀλογίαν
2359 2361 2567 2443 ipsam

242 2477 394 2526 esse
427 2449 766 2542 ἄγνωστον
795 2459 877 2545 τῇ
911 2454 1233 2544 αἰσθήσει
1267 2459 1594 2543 professus
1629 2464 1742 2525 est.
1804 2457 1992 2538 Quod
2023 2466 2236 2526 autem
2269 2468 2566 2530 accurate

237 2561 499 2646 percipi
531 2581 658 2627 non
688 2566 919 2646 potest,
966 2561 1035 2627 id
1067 2562 1347 2628 numeris
1379 2561 1656 2645 exprimi
1700 2581 1830 2627 non
1870 2581 2064 2645 posse
2094 2582 2211 2645 per
2242 2583 2313 2630 se
2343 2564 2565 2648 liquet.

420 2655 528 2747 At,
573 2664 886 2746 inquiunt,
934 2665 1278 2730 intervalla
1330 2670 1394 2729 et
1438 2671 1733 2747 tempora
1777 2664 2177 2730 irrationalia
2217 2665 2305 2731 ad
2347 2686 2564 2733 nume-

239 2787 357 2833 ros
400 2772 706 2832 revocata
766 2785 907 2832 esse
952 2786 994 2831 a
1037 2766 1281 2832 musico
1340 2767 1628 2850 sequitur
1673 2786 1817 2831 cum
1863 2765 2049 2849 inde,
2112 2769 2284 2850 quod
2327 2762 2567 2852 ἄλογον

239 2888 393 2935 esse
438 2863 605 2931 κατὰ
664 2864 819 2943 τοὺς
875 2868 1008 2931 τῶν
1068 2859 1383 2950 ἀριθμῶν
1437 2864 1643 2949 μόνον
1695 2864 1930 2951 λόγους
1974 2865 2173 2955 ῥητὸν
2217 2870 2567 2956 profitetur,

245 2978 390 3035 tum
438 2970 611 3053 quod
656 2969 724 3036 id
771 2968 1189 3053 cogitandum
1235 2989 1378 3036 esse
1425 2969 1584 3036 dicit
1627 2971 1808 3036 velut
1863 2966 1938 3035 τὸ
1990 2968 2567 3059 δωδεκατημόριον

244 3073 376 3137 τοῦ
431 3069 647 3136 τόνου.
748 3071 836 3138 At
893 3072 1203 3155 quidnam
1264 3072 1504 3138 dictum
1571 3072 1657 3138 sit
1713 3073 1977 3139 notione
2034 3074 2151 3140 illa
2208 3076 2563 3143 videamus.

251 3170 354 3239 Τὸ
403 3170 571 3237 κατὰ
615 3170 771 3250 τοὺς
812 3174 946 3236 τῶν
980 3165 1295 3256 ἀριθμῶν
1339 3170 1545 3255 μόνον
1595 3170 1828 3258 λόγους
1873 3170 2074 3260 ῥητὸν
2119 3175 2204 3240 ad
2244 3175 2564 3243 harmoni-

244 3297 398 3344 cam
446 3283 742 3361 spectans
790 3275 1023 3343 dicitur
1068 3277 1345 3362 primum
1389 3296 1531 3343 esse
1579 3266 2027 3363 ἀμελῴδητον,
2081 3283 2309 3359 postea
2350 3284 2566 3344 autem

244 3378 671 3463 cogitandum
719 3398 861 3445 esse
894 3386 964 3444 ut
1009 3375 1078 3442 ἐν
1108 3390 1251 3454 τοῖς
1283 3377 1831 3465 διαστηματικοῖς
1876 3373 1951 3441 τὸ
1988 3375 2563 3465 δωδεκατημόριον

240 3482 374 3546 τοῦ
416 3478 613 3545 τόνου
658 3481 770 3544 καὶ
817 3479 884 3545 εἰ’
921 3504 989 3544 τι
1033 3482 1341 3545 τοιοῦτον
1389 3472 1555 3544 ἄλλο
1610 3476 1678 3544 ἐν
1724 3491 1873 3556 ταῖς
1917 3481 2048 3545 τῶν
2095 3478 2566 3568 διαστημάτων

243 3581 726 3668 παραλλαγαῖς
773 3580 1205 3666 λαμβάνεται.
1293 3583 1522 3666 Itaque
1557 3583 1902 3649 intervalla
1934 3583 2351 3667 irrationalia,
2399 3605 2566 3668 quae

244 3686 347 3754 ad
390 3705 572 3753 usum
615 3687 956 3771 pertinent,
1004 3706 1081 3753 eo
1113 3684 1461 3770 significari
1506 3705 1637 3751 non
1680 3691 1967 3771 possunt,
2013 3706 2157 3752 cum
2203 3687 2332 3753 sint
2356 3708 2568 3771 neque

246 3780 658 3875 ἀμελῴδητα
713 3795 779 3854 et
832 3787 1217 3855 duodecima
1271 3788 1405 3853 toni
1459 3793 1645 3871 parte
1698 3788 1898 3853 multo
1954 3788 2217 3853 maiora.
2318 3789 2566 3857 Tamen

245 3889 700 3974 Westphalius
743 3890 813 3955 in
859 3891 1072 3974 capite
1114 3896 1332 3956 nostro
1388 3890 1641 3974 μεγέθη
1704 3890 2105 3955 irrationalia
2146 3890 2566 3957 rationalibus

246 3993 501 4077 opponi
545 3992 912 4076 arbitratus,
958 3997 1029 4057 ut
1071 3987 1146 4055 τὸ
1180 3986 1349 4055 κατὰ
1382 3986 1537 4066 τοὺς
1579 3991 1715 4054 τῶν
1749 3981 2064 4074 ἀριθμῶν
2095 3987 2301 4071 μόνον
2332 3990 2566 4075 λόγους

249 4090 457 4181 ῥητὸν
501 4094 588 4159 ad
625 4095 838 4176 spatia
882 4095 1027 4179 ipsa
1070 4094 1469 4160 irrationalia
1500 4094 1742 4160 referre
1773 4099 2010 4177 posset,
2055 4092 2143 4159 ad
2175 4084 2230 4177 ᾦ
2262 4095 2568 4175 συνέβαι-
