3177 4960
815 344 899 400 De
933 344 1346 401 irrationalitate
1381 344 1563 401 studia
1596 344 1917 416 rhythmica.
2399 346 2527 407 309

254 520 310 585 in
349 537 450 601 eo,
507 517 676 601 quod
720 518 1116 602 syllabarum
1160 519 1373 604 spatia
1417 519 1668 585 numeri
1716 524 1967 602 tempus
2013 517 2364 601 excedunt,
2409 539 2522 603 po·

252 622 418 687 sitam
476 639 610 689 esse
656 641 846 705 quam
889 621 957 686 in
1002 622 1371 704 saltatione,
1431 637 1560 705 qua
1616 621 2064 689 cavillationes
2111 640 2259 688 suas
2304 642 2520 706 prose·

253 729 523 806 quentem
565 723 1033 807 Aristophanes
1091 724 1247 790 facit
1289 723 1719 810 Aeschylum,
1778 724 2012 791 docent
2072 725 2273 791 verba
2328 716 2523 810 ὁρᾷς

250 820 347 890 τὸν
387 823 562 889 πόδα
603 826 876 904 τοῦτον,·

397 926 466 993 Si
507 928 698 1011 igitur
743 933 993 995 constat
1021 932 1439 1010 anapaestum
1471 928 1525 995 si
1571 948 1700 995 non
1732 929 2010 1011 omnino,
2055 934 2124 993 at
2153 934 2327 996 certe
2356 929 2524 996 bono

251 1035 550 1112 poetarum
607 1047 723 1096 usu
789 1031 1119 1096 exclusum
1180 1045 1322 1097 esse
1378 1051 1420 1096 a
1463 1030 1764 1114 glyconei
1809 1031 1984 1114 basi,
2041 1037 2266 1097 contra
2309 1038 2525 1097 tamen

249 1130 571 1198 admittitur
615 1131 932 1217 dactylus,
979 1151 1169 1216 quem
1199 1133 1420 1215 utique
1450 1138 1715 1217 propter
1744 1132 2036 1217 syllabae
2081 1133 2379 1216 glyconei
2424 1152 2523 1199 se-

249 1233 464 1300 cundae
493 1233 1046 1301 irrationalitatem
1069 1233 1221 1301 inde
1242 1235 1472 1301 abesse
1504 1253 1945 1318 exegeramus.
2004 1235 2091 1300 At
2119 1255 2247 1301 non
2277 1235 2523 1302 inveni·

251 1339 348 1401 tur-
372 1336 433 1400 in
475 1337 692 1403 metris
737 1355 853 1420 per
897 1335 1283 1420 synaphiam
1327 1336 1666 1421 adiunctis,
1713 1336 1828 1404 sed
1872 1337 1965 1403 ita
1992 1343 2255 1419 tantum,
2301 1343 2372 1402 ut
2399 1357 2527 1404 non

252 1436 416 1503 modo
473 1439 707 1521 verbo,
766 1455 989 1504 verum
1049 1439 1247 1505 etiam
1300 1445 1503 1533 metro
1563 1460 1641 1506 ac
1698 1439 1966 1523 periodo
2012 1439 2211 1507 faciat
2255 1441 2524 1507 initium.

250 1537 390 1605 Nam
430 1546 539 1606 aut
581 1542 648 1606 in
697 1540 879 1606 initio
939 1540 1244 1625 strophae
1301 1542 1625 1609 invenitur
1669 1540 1798 1621 (Or.
1834 1544 1982 1621 831)
2040 1549 2153 1609 aut
2204 1544 2531 1611 antecedit

249 1647 489 1708 metrum
534 1644 980 1710 catalecticum
1011 1644 1135 1722 (Ai.
1162 1646 1196 1706 7
1204 1645 1287 1708 02
1309 1655 1383 1696 Ν
1404 1647 1560 1726 715;
1591 1643 1733 1728 Iph.
1759 1645 1951 1709 Taur.
1981 1647 2145 1709 1092
2178 1648 2279 1726 (ω
2309 1650 2528 1731 1109);

248 1741 366 1826 Iph.
396 1745 535 1811 Aul.
575 1748 697 1812 168
720 1765 802 1804 m
830 1746 985 1829 1893
1034 1748 1158 1811 764
1189 1748 1290 1826 (ν
1316 1747 1487 1822 753»
1531 1751 1645 1812 aut
1672 1744 1851 1812 hiatu
1896 1746 2231 1829 syllabave
2262 1749 2528 1833 ancipiti

248 1843 536 1914 dirimitur
578 1869 620 1916 a
667 1854 871 1916 metro
916 1848 1336 1915 antecedente
1382 1847 1572 1922 (Phil.
1626 1850 1822 1932 12133
1868 1849 2018 1914 Eur.
2065 1850 2162 1916 El.
2206 1854 2352 1934 1513
2406 1856 2527 1919 169

247 1966 312 2006 ω
338 1953 489 2025 191).
562 1952 778 2035 Atque
812 1951 1108 2033 quamvis
1156 1949 1412 2017 indiciis
1460 1950 1826 2018 extantibus
1871 1952 2065 2020 nullis
2110 1954 2193 2020 ab
2239 1953 2341 2020 his
2374 1974 2528 2038 quo-

248 2069 352 2133 que
400 2054 614 2120 metris
675 2052 1025 2121 inchoandi
1082 2072 1225 2120 esse
1282 2052 1584 2120 videntur
1627 2072 1853 2121 versus
1898 2055 2007 2121 vel
2049 2055 2333 2141 periodi:
2380 2058 2527 2124 Eur.

250 2151 445 2240 Suppl.
478 2161 601 2224 999
627 2176 709 2218 ω
734 2158 930 2238 1022;
966 2155 1063 2220 El.
1101 2157 1257 2238 1553
1292 2154 1432 2240 Iph.
1466 2156 1613 2222 Aul.
1646 2160 1768 2220 547
1796 2160 1902 2233 (ω
1926 2160 2097 2241 563),
2133 2161 2255 2224 553
2281 2179 2359 2218 ω
2384 2163 2527 2226 569.

250 2258 352 2321 556
377 2269 444 2307 Ν
468 2262 610 2325 572.
689 2258 874 2325 Mitto
920 2276 1177 2324 versum
1223 2257 1372 2324 Eur.
1421 2257 1647 2343 Suppl.
1681 2260 1805 2325 993
1852 2260 1917 2324 in
1962 2260 2215 2343 periodi
2262 2262 2529 2329 exordio

248 2361 517 2445 positum,
566 2362 634 2426 in
680 2380 806 2444 quo
853 2360 1149 2443 dactylus
1194 2360 1482 2426 sublatus
1528 2366 1626 2425 est
1667 2361 2021 2426 Hermanni
2066 2362 2529 2429 emendatione.

248 2459 482 2546 Legitur
539 2471 756 2532 autem
816 2463 1115 2549 dactylus
1169 2463 1364 2530 etiam
1410 2463 1474 2529 in
1520 2463 1771 2546 metris,
1832 2483 1997 2548 quae
2043 2464 2109 2529 in
2154 2483 2379 2532 versus
2425 2468 2532 2534 vel

246 2567 468 2645 periodi
514 2567 786 2635 exordio
830 2588 960 2633 non
1007 2572 1344 2650 ponuntur.
1427 2566 1513 2631 At
1541 2564 1683 2649 Iph.
1717 2567 1909 2633 Taur.
1961 2572 2153 2633 1144:
2202 2559 2325 2633 ὅθι
2368 2570 2480 2634 καὶ
2517 2570 2522 2653 Ι

245 2673 563 2754 παρθένος
610 2663 973 2753 εὐδοκίμων
1031 2666 1291 2754 γάμων,
1336 2673 1509 2735 recte
1552 2666 1863 2753 πάροχος·
1898 2671 2156 2754 scripsit
2197 2671 2532 2740 Nauckius

246 2775 328 2845 (Ν
352 2777 534 2841 1129:
592 2771 873 2838 κέλαδον
918 2768 1291 2837 ἑπτατόνου
1338 2767 1602 2855 Mearm
1659 2773 1792 2838 alia
1834 2779 2049 2839 autem
2096 2774 2399 2859 exempla
2442 2778 2535 2843 ita

247 2874 542 2961 tolluntur,
592 2883 665 2943 ut
710 2882 979 2943 metrum
1022 2875 1111 2941 ali
1153 2873 1456 2959 rhythmo
1505 2873 1965 2943 adscribamus.
2054 2877 2224 2944 Nam

393 2979 555 3047 Phil.
592 2981 785 3045 1185:
831 2983 1102 3062 μείνατε
1145 2973 1319 3061 πρὸς
1347 2977 1548 3063 θεαῖν.
1619 2979 1774 3043 XO.
1807 2982 1876 3044 τί
1904 2982 2159 3065 θροεῖς,
2207 2989 2305 3050 est
2335 2984 2531 3052 dime-

245 3084 387 3148 trum
411 3083 932 3165 choriambicum,
967 3080 1194 3148 eodem
1221 3082 1391 3147 enim
1421 3100 1687 3147 numero
1718 3083 1914 3165 paulo
1944 3090 2094 3150 ante
2126 3090 2253 3160 (vv.
2284 3090 2533 3150 1175-

247 3184 332 3266 77,
378 3188 527 3252 1181
557 3187 727 3270 sqq.)
780 3185 1258 3270 supplicaverat
1303 3182 1727 3267 Philoctetes,
1786 3186 1878 3250 ita
1933 3191 2003 3250 ut
2058 3186 2391 3253 interiecto
2439 3187 2533 3253 di-

243 3284 435 3358 iambo
478 3310 606 3357 uno
655 3306 954 3354 numerus
1014 3286 1098 3354 sit
1154 3286 1486 3353 continuus
1547 3283 1898 3362 (ἱκετεύ-ω.
1957 3291 2034 3350 X
2038 3286 2113 3350 Ο.
2171 3286 2535 3372 μετρία-ξε.

247 3392 350 3455 ml.
396 3375 447 3455 ὦ
492 3389 689 3474 ξένοι,
734 3394 1024 3472 μείνατε,
1072 3385 1246 3471 πρὸς
1289 3388 1493 3474 &Qu
1542 3389 1698 3452 XO.
1744 3392 1814 3452 τί
1855 3390 2135 3472 θροεῖς).
2225 3391 2388 3458 Item

632 3493 738 3561 Or.
771 3494 894 3558 840
920 3512 1046 3578 sq.:
1087 3489 1642 3577 χρυσεοπηνήτων
1687 3492 1957 3576 φαρὲῳν

1096 3590 1351 3676 μαστὸν
1392 3585 1853 3678 ὑπερτέλλοντ’
1908 3590 2202 3680 [εσ]ἰὸὠν

242 3703 373 3763 sunt
425 3698 781 3767 choriambi
847 3698 1250 3765 anaclomeni
1307 3703 1455 3783 post
1520 3695 1925 3764 choriambos
1982 3714 2197 3766 meros
2258 3719 2319 3765 v.
2379 3700 2537 3766 839:

242 3782 290 3857 ὢ
328 3799 573 3881 μελέος,
619 3796 874 3885 ματρὸς
918 3791 1032 3865 ὅτε
1070 3823 1170 3881 χρ.
1218 3798 1353 3863 κτλ.
1403 3804 1467 3865 et
1509 3804 1660 3865 ante
1705 3804 2144 3867 tetrametrum
2192 3801 2536 3868 iambicum

242 3903 667 3971 catalecticum
710 3904 916 3970 altera
960 3903 1228 3987 syzygia
1258 3903 1324 3967 in
1355 3901 1796 3969 choriambum
1840 3903 2112 3969 infracta
2157 3922 2216 3968 V.
2253 3905 2376 3968 842
2408 3922 2538 3986 sq.:

242 4000 512 4088 σφάγιὸῖν
562 3999 769 4071 ἕθεῖὂ
811 4004 1069 4088 μάτερα
1115 4001 1449 4090 πᾶτριρων
1493 4007 1781 4091 παθέρυν
1828 3996 2141 4087 ἀμοιβάν.
2230 4004 2381 4070 Alia
2425 4004 2539 4070 ad-

242 4106 433 4174 scribe
479 4128 739 4177 numero
787 4107 1140 4194 dactylico:
1189 4107 1489 4176 Heracld.
1523 4112 1644 4173 751
1672 4111 1930 4190 oe7623
1978 4107 2124 4173 Eur.
2172 4105 2269 4172 El.
2310 4107 2538 4169 459oe
