3177 4960
620 330 745 392 310
1587 326 1744 397 Hugo
1778 327 1971 384 Jusatz

621 508 739 570 471
791 504 1039 580 (ultima
1083 502 1397 585 utrimque
1443 502 1691 583 brevis,
1738 500 2205 583 subiunguntur
2248 496 2524 584 dactylis
2571 500 2810 582 iambi,
2856 499 2929 566 cf.

622 605 865 674 Phoen.
922 607 1101 671 1516.
1147 605 1280 672 Ion.
1327 606 1452 668 213
1477 622 1570 686 sq.
1601 622 1681 663 ω
1711 604 1835 669 230
1859 604 1999 686 sq.).

795 709 958 776 Cum
986 713 1203 775 autem
1235 706 1482 790 dactyli
1512 706 1688 773 illius
1725 707 1955 773 breves
2001 705 2165 771 inter
2210 703 2338 771 duo
2370 705 2571 772 verba
2615 703 2932 771 interdum

623 812 1078 897 dispertiantur
1097 860 1113 893 ‚
1173 810 1461 892 sequitur
1517 807 1847 892 dactylum
1904 826 2047 874 esse
2101 807 2381 891 positum
2439 826 2555 890 pro
2612 804 2934 874 tribracho

625 911 1056 996 trochaeoidi;
1124 910 1551 996 explicandus
1617 916 1833 978 autem
1891 916 1989 977 est
2048 908 2275 977 eadem
2332 910 2612 992 ratione,
2684 929 2816 994 qua
2871 910 2933 973 in

623 1015 987 1083 nominibus
1020 1014 1299 1099 propriis
1343 1033 1463 1097 pro
1507 1013 1779 1080 trimetri
1810 1013 2070 1079 iambici
2101 1012 2331 1096 tragici
2361 1011 2687 1080 tribracho
2718 1013 2933 1096 aliquo

624 1118 951 1202 dactylum
1003 1116 1304 1184 adhiberi
1363 1115 1802 1200 cognovimus.
1890 1116 2140 1182 Tamen
2198 1115 2517 1199 glyconea
2574 1136 2615 1181 a
2675 1114 2933 1197 dactylo

625 1220 1000 1303 incipientia
1041 1240 1170 1287 non
1212 1219 1431 1286 metris
1492 1209 2038 1304 ἆπεμφαίνουσιν
2081 1216 2544 1300 adscribenda,
2604 1216 2720 1284 sed
2785 1235 2931 1300 quo·

626 1322 799 1389 niam
845 1321 1142 1405 dactylus
1171 1341 1299 1388 non
1345 1321 1668 1388 invenitur
1697 1320 1822 1387 nisi
1868 1321 1934 1385 in
1964 1320 2218 1404 periodi
2248 1320 2357 1387 vel
2386 1339 2612 1387 versus
2644 1318 2933 1402 exordio,

625 1423 855 1491 eadem
911 1424 1171 1491 licentia
1227 1424 1437 1507 poetis
1482 1443 1524 1490 a
1566 1422 1935 1507 rhythmica
1987 1442 2292 1490 concessa
2350 1421 2724 1489 excusanda
2773 1428 2932 1504 sunt,

622 1545 750 1612 qua
794 1527 1082 1593 trimetra
1125 1526 1406 1593 iambica
1448 1527 1532 1593 ab
1577 1525 1929 1607 anapaesto
1973 1525 2366 1608 incipientia.

791 1629 956 1696 Item
1002 1629 1266 1696 exclusa
1310 1635 1409 1696 est
1466 1629 1532 1694 in
1580 1633 1923 1694 metrorum
1966 1625 2288 1712 synaphia
2328 1627 2500 1694 bono
2545 1625 2934 1709 tragicorum

622 1752 740 1800 usu
797 1732 972 1799 basis
1030 1730 1436 1798 tribrachica.
1539 1730 1856 1814 Pindarus
1913 1749 2102 1813 vero,
2163 1749 2290 1814 qua
2344 1729 2543 1796 utitur
2597 1728 2934 1795 solutionis

626 1835 943 1916 libertate,
977 1852 1122 1900 eam
1143 1834 1253 1900 vel
1280 1835 1373 1900 ita
1402 1834 1468 1899 in
1494 1832 1713 1899 media
1741 1832 2010 1914 periodo
2039 1829 2355 1915 adhibuit,
2386 1837 2457 1898 ut
2485 1837 2633 1915 post
2662 1831 2933 1914 primam

624 1938 761 2003 eius
794 1937 1056 2003 brevem
1102 1935 1443 2002 incideret:
1487 1936 1674 2002 Nem.
1707 1935 1831 2001 VII
1862 1935 1974 2000 84:
2020 1926 2176 2000 ὀπί·
2225 1934 2482 2018 λέγοντι
2510 1930 2637 2028 γὰρ
2668 1931 2934 1999 Αἰακόν

622 2061 723 2103 νιν
763 2036 772 2121 Ι
811 2031 946 2102 ὕπὸ
1006 2034 1447 2122 ματροδόκοις
1496 2048 1726 2121 γοναῖς
1771 2038 2127 2123 φυτεῦσαι,
2189 2045 2255 2105 et
2295 2058 2356 2104 v.
2412 2041 2550 2103 105.
2596 2035 2699 2104 Ol.
2743 2037 2835 2103 IV
2878 2041 2931 2102 6.

622 2141 740 2225 Py.
770 2139 836 2205 II
883 2143 984 2205 67.
1031 2142 1134 2205 91.
1180 2143 1282 2205 90.
1329 2139 1383 2205 V
1430 2142 1530 2206 59.
1577 2143 1679 2206 90.
1724 2140 1815 2206 VI
1864 2144 1918 2205 1.
1972 2143 2067 2205 19.
2156 2139 2338 2208 Idem
2394 2141 2626 2207 fecisse
2682 2139 2935 2208 videtur

623 2241 968 2327 Euripides
1026 2241 1274 2309 duobus
1322 2240 1592 2310 Orestae
1636 2243 1797 2310 locis
1843 2263 1906 2309 v.
1940 2244 2095 2308 813:
2156 2238 2367 2308 ὁπότε
2422 2246 2710 2327 χρυσέας
2768 2227 2927 2327 ἦλθ’

626 2342 763 2429 ἔρις
795 2336 996 2429 ἀρνὸς
1034 2345 1045 2426 Ι
1084 2341 1428 2429 ἐπάγουσα
1479 2343 2029 2422 Τανταλίδαιςω
2053 2347 2208 2412 825:
2253 2342 2689 2432 κακοφρόνων
2718 2338 2787 2410 τ’
2827 2337 2933 2411 ἆν-

622 2446 794 2531 ὁριῦν
826 2445 1188 2534 παράνοια.
1232 2446 1241 2531 Ι
1280 2444 1583 2513 θανάτου
1613 2445 1739 2534 γὰρ
1771 2440 1951 2533 ἀμφὶ
1983 2445 2179 2535 φόβῳ
2212 2455 2275 2517 et
2304 2470 2366 2516 V.
2399 2450 2554 2515 827:
2609 2447 2932 2534 Τυνδαρὶς

623 2549 892 2639 ἰάκχησε
934 2548 1239 2632 τάλαινα,
1282 2548 1290 2634 Ι
1329 2553 1575 2631 τέκνον,
1624 2542 1699 2616 οὗ
1744 2550 1996 2638 τολμᾷς
2041 2541 2199 2617 ὅσια
2245 2549 2355 2634 (ω
2386 2553 2555 2631 815),
2603 2552 2729 2620 nisi
2777 2552 2932 2620 forte

626 2673 705 2720 ea
735 2672 772 2720 e
801 2653 1197 2739 pentapodia
1239 2652 1644 2737 logaoedica,
1692 2673 1858 2738 quae
1886 2653 2138 2734 dicitur,
2186 2660 2252 2720 et
2280 2653 2564 2739 tripodia
2592 2653 2705 2721 vel
2734 2674 2774 2722 e
2804 2675 2927 2721 mo·

622 2762 911 2823 nometro
957 2755 1235 2822 iambico
1268 2762 1333 2822 et
1364 2756 1531 2823 binis
1576 2755 1875 2840 tripodiis
1922 2757 2280 2841 composita
2308 2775 2450 2824 esse
2482 2757 2694 2824 voluit
2722 2764 2929 2841 poeta.

623 2856 805 2923 Idem
831 2857 1029 2924 semel
1060 2857 1246 2924 basin
1277 2857 1730 2926 tribrachicam
1754 2878 1896 2925 cum
1921 2859 2343 2926 antecedente
2367 2865 2572 2927 metro
2604 2859 2934 2927 coniunxit

621 2977 739 3043 per
769 2956 1156 3043 synaphiam
1202 2978 1466 3027 caesura
1494 2981 1624 3027 non
1668 2960 2132 3029 intercedente:
2178 2960 2320 3046 Iph.
2353 2963 2500 3029 Aul.
2539 2964 2688 3028 185:
2736 2959 2932 3028 πολύ-

620 3064 833 3126 θυτον
880 3059 952 3126 δὲ
999 3052 1092 3126 δι’
1148 3055 1353 3137 ἄλσος
1396 3053 1823 3146 Άρ-τὲμιόος
1866 3056 2125 3150 ἤλυθον
2172 3054 2481 3149 ὀρομένα.

789 3165 861 3231 In
879 3165 1194 3249 glycoueo
1218 3171 1433 3231 autem
1460 3167 1668 3251 tertio,
1694 3166 1868 3251 quod
1884 3166 2135 3252 dicitur,
2161 3166 2381 3233 sedem
2405 3168 2660 3234 tertiam
2684 3169 2928 3235 solvere

620 3289 749 3336 non
773 3268 1016 3352 licebit,
1049 3268 1301 3351 quoties
1332 3267 1659 3335 antecedit
1688 3268 1862 3336 basis
1894 3268 2265 3353 spondaica,
2299 3288 2465 3353 quae
2497 3289 2580 3336 ex
2609 3268 2929 3337 trochaica

621 3391 737 3456 per
781 3370 1339 3438 irrationalitatem
1369 3376 1509 3438 orta
1539 3373 1642 3440 sit.
1733 3372 2008 3439 Unicum
2037 3378 2254 3438 autem
2284 3373 2350 3437 in
2384 3373 2703 3456 glyconeo
2749 3372 2927 3439 tertio

622 3473 871 3539 solutae
915 3478 1064 3555 post
1107 3473 1468 3558 spondeum
1513 3474 1743 3541 tertiae
1789 3474 2158 3558 exemplum
2203 3475 2370 3541 inest
2411 3475 2478 3539 in
2508 3474 2659 3541 Eur.
2709 3473 2924 3559 Suppl.

623 3594 684 3639 v.
720 3576 874 3639 975:
924 3573 1150 3657 λοιβαί
1178 3598 1252 3640 τε
1282 3573 1527 3641 νεκύων
1560 3578 1954 3662 φθιμένων,·
1997 3578 2064 3642 in
2112 3597 2238 3660 quo
2280 3577 2468 3644 basin
2514 3577 2926 3660 spondaicam

624 3694 766 3742 esse
818 3675 1087 3742 formam
1140 3678 1579 3746 irrationalem
1632 3679 1807 3746 basis
1866 3679 2185 3746 iambicae
2250 3678 2482 3747 docent
2547 3698 2772 3747 versus
2831 3697 2928 3745 se-

623 3784 890 3862 quentes
908 3827 925 3861 ,
984 3779 1050 3843 in
1107 3780 1339 3862 quibus
1398 3787 1495 3848 ter
1538 3781 1850 3864 repetitur
1906 3787 2176 3849 metrum
2231 3782 2618 3865 glyconeum
2678 3781 2925 3848 tertium

529 3968 532 3971 Α
621 3881 705 3946 ab
744 3880 960 3948 iambo
992 3881 1325 3967 incipiens.
1388 3881 1590 3968 Sequi
1616 3903 1771 3951 vero
1803 3884 1867 3951 in
1900 3885 2218 3968 glyconeo
2249 3885 2347 3950 III
2377 3885 2630 3951 tertiam
2662 3883 2926 3952 solutam

619 3984 843 4051 licebit
886 3984 1138 4068 longae,
1170 3985 1227 4051 si
1257 3985 1354 4052 illi
1384 3985 1710 4054 antecedit
1756 3987 1989 4071 brevis,
2037 3989 2215 4054 velut
2244 3988 2310 4053 iu
2340 3987 2635 4055 versibus
2665 3986 2768 4054 Or.
2802 3988 2926 4051 814

618 4107 699 4147 ω
723 4088 883 4172 826;
929 4086 1141 4155 sedin
1179 4090 1293 4172 eis,
1340 4094 1409 4155 ut
1452 4109 1646 4173 supra
1690 4090 1928 4157 dictum
1976 4096 2091 4174 est,
2137 4109 2437 4157 numerus
2482 4096 2579 4158 est
2623 4090 2928 4171 incertus3
