<?xml version="1.0" encoding="UTF-8"?>
<!DOCTYPE html PUBLIC "-//W3C//DTD XHTML 1.0 Transitional//EN"
    "http://www.w3.org/TR/xhtml1/DTD/xhtml1-transitional.dtd">
<html xmlns="http://www.w3.org/1999/xhtml" xml:lang="en" lang="en">
 <head>
  <title>
</title>
<meta http-equiv="Content-Type" content="text/html;charset=utf-8" />
  <meta name='ocr-system' content='tesseract 3.04.00' />
  <meta name='ocr-capabilities' content='ocr_page ocr_carea ocr_par ocr_line ocrx_word'/>
</head>
<body>
  <div class='ocr_page' id='page_1' title='image "./deirrationalita00jusagoog_0180.png"; bbox 0 0 3177 4960; ppageno 0'>
   <div class='ocr_carea' id='block_1_1' title="bbox 591 330 1928 400">
    <p class='ocr_par' dir='ltr' id='par_1_1' title="bbox 591 330 1928 400">
     <span class='ocr_line' id='line_1_1' title="bbox 591 330 1928 400; baseline -0.006 -7"><span class='ocrx_word' id='word_1_1' title='bbox 591 333 715 393; x_wconf 82' lang='lat'><strong>342</strong></span> <span class='ocrx_word' id='word_1_2' title='bbox 1545 330 1704 400; x_wconf 82' lang='lat' dir='ltr'><strong>Hugo</strong></span> <span class='ocrx_word' id='word_1_3' title='bbox 1738 330 1928 386; x_wconf 81' lang='lat' dir='ltr'><strong>Jusatz</strong></span> 
     </span>
    </p>
   </div>
   <div class='ocr_carea' id='block_1_2' title="bbox 568 503 2909 4184">
    <p class='ocr_par' dir='ltr' id='par_1_2' title="bbox 582 503 2900 1818">
     <span class='ocr_line' id='line_1_2' title="bbox 585 503 2899 591; baseline 0 -19"><span class='ocrx_word' id='word_1_4' title='bbox 585 507 727 591; x_wconf 88' lang='lat' dir='ltr'><strong>Iph.</strong></span> <span class='ocrx_word' id='word_1_5' title='bbox 774 508 965 574; x_wconf 84' lang='lat' dir='ltr'><strong>Taur.</strong></span> <span class='ocrx_word' id='word_1_6' title='bbox 999 525 1059 572; x_wconf 84' lang='lat' dir='ltr'><strong>v.</strong></span> <span class='ocrx_word' id='word_1_7' title='bbox 1092 506 1216 571; x_wconf 83' lang='lat'><strong>828</strong></span> <span class='ocrx_word' id='word_1_8' title='bbox 1241 523 1381 587; x_wconf 91' lang='lat' dir='ltr'><strong>sqq.</strong></span> <span class='ocrx_word' id='word_1_9' title='bbox 1428 503 1724 571; x_wconf 93' lang='lat' dir='ltr'><strong>Seidlero</strong></span> <span class='ocrx_word' id='word_1_10' title='bbox 1770 507 1900 588; x_wconf 88' lang='lat' dir='ltr'><strong>(pp.</strong></span> <span class='ocrx_word' id='word_1_11' title='bbox 1951 506 2049 569; x_wconf 87' lang='lat'><strong>76.</strong></span> <span class='ocrx_word' id='word_1_12' title='bbox 2102 508 2240 568; x_wconf 85' lang='lat'><strong>115.</strong></span> <span class='ocrx_word' id='word_1_13' title='bbox 2286 504 2435 580; x_wconf 84' lang='lat'>219)</span> <span class='ocrx_word' id='word_1_14' title='bbox 2483 503 2743 571; x_wconf 86' lang='lat' dir='ltr'><strong>videtur</strong></span> <span class='ocrx_word' id='word_1_15' title='bbox 2783 525 2899 589; x_wconf 89' lang='lat' dir='ltr'><strong>pes</strong></span> 
     </span>
     <span class='ocr_line' id='line_1_3' title="bbox 586 605 2900 691; baseline -0 -16"><span class='ocrx_word' id='word_1_16' title='bbox 586 610 900 677; x_wconf 80' lang='lat' dir='ltr'><strong>iambicus</strong></span> <span class='ocrx_word' id='word_1_17' title='bbox 945 608 1119 676; x_wconf 93' lang='lat' dir='ltr'><strong>solus</strong></span> <span class='ocrx_word' id='word_1_18' title='bbox 1173 606 1492 673; x_wconf 91' lang='lat' dir='ltr'><strong>dochmiis</strong></span> <span class='ocrx_word' id='word_1_19' title='bbox 1535 608 1927 691; x_wconf 88' lang='lat' dir='ltr'><strong>praemissus</strong></span> <span class='ocrx_word' id='word_1_20' title='bbox 1974 624 2136 673; x_wconf 84' lang='lat' dir='ltr'><strong>esse.</strong></span> <span class='ocrx_word' id='word_1_21' title='bbox 2222 605 2453 673; x_wconf 90' lang='lat' dir='ltr'><strong>Melius</strong></span> <span class='ocrx_word' id='word_1_22' title='bbox 2499 626 2653 674; x_wconf 83' lang='lat' dir='ltr'><strong>vero</strong></span> <span class='ocrx_word' id='word_1_23' title='bbox 2698 608 2900 674; x_wconf 84' lang='lat' dir='ltr'><strong>verba</strong></span> 
     </span>
     <span class='ocr_line' id='line_1_4' title="bbox 586 707 2900 793; baseline -0.001 -14"><span class='ocrx_word' id='word_1_24' title='bbox 586 713 681 780; x_wconf 90' lang='lat' dir='ltr'><strong>sic</strong></span> <span class='ocrx_word' id='word_1_25' title='bbox 726 711 1207 793; x_wconf 87' lang='lat' dir='ltr'><strong>distribuuntur,</strong></span> <span class='ocrx_word' id='word_1_26' title='bbox 1264 715 1335 775; x_wconf 89' lang='lat' dir='ltr'><strong>ut</strong></span> <span class='ocrx_word' id='word_1_27' title='bbox 1377 709 1824 791; x_wconf 81' lang='lat' dir='ltr'><strong>praemittatur</strong></span> <span class='ocrx_word' id='word_1_28' title='bbox 1868 707 2186 775; x_wconf 90' lang='lat' dir='ltr'><strong>dochmiis</strong></span> <span class='ocrx_word' id='word_1_29' title='bbox 2231 709 2584 775; x_wconf 79' lang='lat' dir='ltr'>membrum</span> <span class='ocrx_word' id='word_1_30' title='bbox 2628 709 2900 793; x_wconf 90' lang='lat' dir='ltr'><strong>penthe-</strong></span> 
     </span>
     <span class='ocr_line' id='line_1_5' title="bbox 585 810 2900 895; baseline -0 -16"><span class='ocrx_word' id='word_1_31' title='bbox 585 814 885 881; x_wconf 91' lang='lat' dir='ltr'><strong>mimeres</strong></span> <span class='ocrx_word' id='word_1_32' title='bbox 942 812 1288 879; x_wconf 88' lang='lat' dir='ltr'><strong>iambicum</strong></span> <span class='ocrx_word' id='word_1_33' title='bbox 1307 861 1324 895; x_wconf 93' lang='lat'>,</span> <span class='ocrx_word' id='word_1_34' title='bbox 1387 816 1521 876; x_wconf 89' lang='lat' dir='ltr'><strong>tum</strong></span> <span class='ocrx_word' id='word_1_35' title='bbox 1566 810 1882 894; x_wconf 89' lang='lat' dir='ltr'><strong>dochmii,</strong></span> <span class='ocrx_word' id='word_1_36' title='bbox 1948 810 2179 894; x_wconf 90' lang='lat' dir='ltr'><strong>quibus</strong></span> <span class='ocrx_word' id='word_1_37' title='bbox 2223 810 2512 878; x_wconf 84' lang='lat' dir='ltr'><strong>laetitiae</strong></span> <span class='ocrx_word' id='word_1_38' title='bbox 2556 831 2640 877; x_wconf 84' lang='lat' dir='ltr'><strong>ex</strong></span> <span class='ocrx_word' id='word_1_39' title='bbox 2685 811 2900 879; x_wconf 85' lang='lat' dir='ltr'><strong>fratris</strong></span> 
     </span>
     <span class='ocr_line' id='line_1_6' title="bbox 584 912 2896 1000; baseline 0 -18"><span class='ocrx_word' id='word_1_40' title='bbox 584 916 890 1000; x_wconf 85' lang='lat' dir='ltr'><strong>amplexu</strong></span> <span class='ocrx_word' id='word_1_41' title='bbox 915 920 1145 998; x_wconf 87' lang='lat' dir='ltr'><strong>captae</strong></span> <span class='ocrx_word' id='word_1_42' title='bbox 1167 913 1553 981; x_wconf 77' lang='lat' dir='ltr'><strong>admiscetur</strong></span> <span class='ocrx_word' id='word_1_43' title='bbox 1584 914 1795 981; x_wconf 83' lang='lat' dir='ltr'><strong>exulis</strong></span> <span class='ocrx_word' id='word_1_44' title='bbox 1824 912 2030 996; x_wconf 83' lang='lat' dir='ltr'><strong>dolor,</strong></span> <span class='ocrx_word' id='word_1_45' title='bbox 2063 914 2158 980; x_wconf 91' lang='lat' dir='ltr'><strong>sic</strong></span> <span class='ocrx_word' id='word_1_46' title='bbox 2187 914 2654 981; x_wconf 88' lang='lat' dir='ltr'><strong>constituuntur</strong></span> <span class='ocrx_word' id='word_1_47' title='bbox 2685 915 2896 982; x_wconf 90' lang='lat' dir='ltr'><strong>eiecto</strong></span> 
     </span>
     <span class='ocr_line' id='line_1_7' title="bbox 585 1006 2889 1102; baseline -0.001 -17"><span class='ocrx_word' id='word_1_48' title='bbox 585 1019 973 1101; x_wconf 80' lang='lat' dir='ltr'><strong>glossemate</strong></span> <span class='ocrx_word' id='word_1_49' title='bbox 1018 1007 1374 1101; x_wconf 71' lang='grc' dir='ltr'><strong>Ἀργόθενε</strong></span> <span class='ocrx_word' id='word_1_50' title='bbox 1422 1013 1548 1096; x_wconf 71' lang='grc' dir='ltr'><strong>ἔχω</strong></span> <span class='ocrx_word' id='word_1_51' title='bbox 1597 1006 1663 1079; x_wconf 76' lang='grc' dir='ltr'><strong>σ’</strong></span> <span class='ocrx_word' id='word_1_52' title='bbox 1708 1006 1987 1097; x_wconf 81' lang='grc' dir='ltr'><strong><em>Ὀρέστα</em></strong></span> <span class='ocrx_word' id='word_1_53' title='bbox 2019 1050 2100 1062; x_wconf 87' lang='lat'><strong>—-</strong></span> <span class='ocrx_word' id='word_1_54' title='bbox 2130 1050 2214 1061; x_wconf 90' lang='lat'><strong>-—</strong></span> <span class='ocrx_word' id='word_1_55' title='bbox 2241 1014 2447 1102; x_wconf 85' lang='grc' dir='ltr'><strong><em>τηλοῦ</em></strong></span> <span class='ocrx_word' id='word_1_56' title='bbox 2489 1038 2563 1099; x_wconf 82' lang='grc' dir='ltr'><strong>γε</strong></span> <span class='ocrx_word' id='word_1_57' title='bbox 2602 1013 2889 1101; x_wconf 76' lang='grc' dir='ltr'><strong><em>χθονὸςΙ</em></strong></span> 
     </span>
     <span class='ocr_line' id='line_1_8' title="bbox 583 1114 2895 1206; baseline 0 -20"><span class='ocrx_word' id='word_1_58' title='bbox 583 1119 942 1206; x_wconf 79' lang='grc' dir='ltr'><strong><em>πατρίδος,</em></strong></span> <span class='ocrx_word' id='word_1_59' title='bbox 997 1114 1051 1183; x_wconf 80' lang='grc' dir='ltr'><strong><em>ὦ</em></strong></span> <span class='ocrx_word' id='word_1_60' title='bbox 1096 1118 1314 1206; x_wconf 81' lang='grc' dir='ltr'><strong><em>φίλος.</em></strong></span> <span class='ocrx_word' id='word_1_61' title='bbox 1404 1117 1715 1185; x_wconf 81' lang='lat' dir='ltr'><strong>Similiter</strong></span> <span class='ocrx_word' id='word_1_62' title='bbox 1773 1116 2104 1185; x_wconf 89' lang='lat' dir='ltr'><strong>Seidlerus</strong></span> <span class='ocrx_word' id='word_1_63' title='bbox 2150 1119 2280 1202; x_wconf 92' lang='lat' dir='ltr'><strong>(pp.</strong></span> <span class='ocrx_word' id='word_1_64' title='bbox 2331 1120 2409 1182; x_wconf 90' lang='grc'><strong>76</strong></span> <span class='ocrx_word' id='word_1_65' title='bbox 2457 1124 2521 1185; x_wconf 89' lang='lat' dir='ltr'><strong>et</strong></span> <span class='ocrx_word' id='word_1_66' title='bbox 2570 1121 2716 1197; x_wconf 83' lang='lat'><strong>133)</strong></span> <span class='ocrx_word' id='word_1_67' title='bbox 2763 1118 2895 1186; x_wconf 88' lang='lat' dir='ltr'><strong>dis-</strong></span> 
     </span>
     <span class='ocr_line' id='line_1_9' title="bbox 582 1217 2893 1309; baseline -0.001 -18"><span class='ocrx_word' id='word_1_68' title='bbox 582 1225 852 1309; x_wconf 90' lang='lat' dir='ltr'><strong>pertitus</strong></span> <span class='ocrx_word' id='word_1_69' title='bbox 898 1229 997 1291; x_wconf 90' lang='lat' dir='ltr'><strong>est</strong></span> <span class='ocrx_word' id='word_1_70' title='bbox 1038 1241 1295 1289; x_wconf 86' lang='lat' dir='ltr'><strong>versum</strong></span> <span class='ocrx_word' id='word_1_71' title='bbox 1341 1221 1512 1288; x_wconf 91' lang='lat' dir='ltr'><strong>Ionis</strong></span> <span class='ocrx_word' id='word_1_72' title='bbox 1561 1224 1705 1293; x_wconf 90' lang='lat'><strong>717,</strong></span> <span class='ocrx_word' id='word_1_73' title='bbox 1751 1221 1861 1286; x_wconf 89' lang='lat' dir='ltr'><strong>ubi</strong></span> <span class='ocrx_word' id='word_1_74' title='bbox 1909 1220 2101 1287; x_wconf 83' lang='lat' dir='ltr'><strong>video</strong></span> <span class='ocrx_word' id='word_1_75' title='bbox 2145 1217 2688 1304; x_wconf 80' lang='lat' dir='ltr'><strong>penthemimeres</strong></span> <span class='ocrx_word' id='word_1_76' title='bbox 2734 1222 2893 1289; x_wconf 90' lang='lat' dir='ltr'><strong>iam·</strong></span> 
     </span>
     <span class='ocr_line' id='line_1_10' title="bbox 583 1320 2895 1410; baseline -0 -18"><span class='ocrx_word' id='word_1_77' title='bbox 583 1326 827 1410; x_wconf 88' lang='lat' dir='ltr'><strong>bicum,</strong></span> <span class='ocrx_word' id='word_1_78' title='bbox 885 1323 1059 1408; x_wconf 90' lang='lat' dir='ltr'><strong>quod</strong></span> <span class='ocrx_word' id='word_1_79' title='bbox 1104 1324 1390 1406; x_wconf 90' lang='lat' dir='ltr'><strong>sequitur</strong></span> <span class='ocrx_word' id='word_1_80' title='bbox 1447 1320 1811 1406; x_wconf 90' lang='lat' dir='ltr'><strong>tetrapodia</strong></span> <span class='ocrx_word' id='word_1_81' title='bbox 1869 1320 2224 1404; x_wconf 79' lang='lat' dir='ltr'><strong>dactylica3</strong></span> <span class='ocrx_word' id='word_1_82' title='bbox 2282 1321 2360 1388; x_wconf 84' lang='lat' dir='ltr'><strong>cf.</strong></span> <span class='ocrx_word' id='word_1_83' title='bbox 2409 1322 2546 1389; x_wconf 90' lang='lat' dir='ltr'><strong>Ion.</strong></span> <span class='ocrx_word' id='word_1_84' title='bbox 2610 1325 2773 1388; x_wconf 87' lang='lat'>1483</span> <span class='ocrx_word' id='word_1_85' title='bbox 2797 1343 2895 1408; x_wconf 92' lang='lat' dir='ltr'><strong>sq.</strong></span> 
     </span>
     <span class='ocr_line' id='line_1_11' title="bbox 584 1422 2893 1507; baseline -0.002 -12"><span class='ocrx_word' id='word_1_86' title='bbox 584 1425 693 1495; x_wconf 89' lang='lat' dir='ltr'><strong>Or.</strong></span> <span class='ocrx_word' id='word_1_87' title='bbox 733 1430 917 1493; x_wconf 83' lang='lat'><strong>1277.</strong></span> <span class='ocrx_word' id='word_1_88' title='bbox 949 1427 1139 1493; x_wconf 91' lang='lat' dir='ltr'><strong>Herc.</strong></span> <span class='ocrx_word' id='word_1_89' title='bbox 1170 1426 1288 1492; x_wconf 88' lang='lat' dir='ltr'><strong>fur.</strong></span> <span class='ocrx_word' id='word_1_90' title='bbox 1327 1425 1490 1489; x_wconf 87' lang='grc'>1184</span> <span class='ocrx_word' id='word_1_91' title='bbox 1514 1443 1655 1507; x_wconf 86' lang='lat' dir='ltr'><strong>sqq.</strong></span> <span class='ocrx_word' id='word_1_92' title='bbox 1743 1424 1925 1491; x_wconf 91' lang='lat' dir='ltr'><strong>Idem</strong></span> <span class='ocrx_word' id='word_1_93' title='bbox 1970 1443 2011 1489; x_wconf 89' lang='lat' dir='ltr'><strong>a</strong></span> <span class='ocrx_word' id='word_1_94' title='bbox 2046 1422 2340 1491; x_wconf 90' lang='lat' dir='ltr'><strong>Seidlero</strong></span> <span class='ocrx_word' id='word_1_95' title='bbox 2383 1426 2470 1507; x_wconf 89' lang='lat' dir='ltr'><strong>(p.</strong></span> <span class='ocrx_word' id='word_1_96' title='bbox 2506 1428 2612 1501; x_wconf 91' lang='lat'><strong>77)</strong></span> <span class='ocrx_word' id='word_1_97' title='bbox 2656 1426 2893 1493; x_wconf 86' lang='lat' dir='ltr'><strong>factum</strong></span> 
     </span>
     <span class='ocr_line' id='line_1_12' title="bbox 583 1517 2894 1611; baseline -0.002 -15"><span class='ocrx_word' id='word_1_98' title='bbox 583 1535 681 1596; x_wconf 88' lang='lat' dir='ltr'><strong>est</strong></span> <span class='ocrx_word' id='word_1_99' title='bbox 736 1530 800 1595; x_wconf 86' lang='lat' dir='ltr'><strong>in</strong></span> <span class='ocrx_word' id='word_1_100' title='bbox 849 1528 991 1596; x_wconf 86' lang='lat' dir='ltr'><strong>Hel.</strong></span> <span class='ocrx_word' id='word_1_101' title='bbox 1024 1549 1085 1595; x_wconf 81' lang='lat' dir='ltr'><strong>v.</strong></span> <span class='ocrx_word' id='word_1_102' title='bbox 1118 1528 1274 1610; x_wconf 87' lang='grc'>687,</span> <span class='ocrx_word' id='word_1_103' title='bbox 1342 1544 1531 1610; x_wconf 85' lang='lat' dir='ltr'><strong>quem</strong></span> <span class='ocrx_word' id='word_1_104' title='bbox 1591 1526 1834 1593; x_wconf 84' lang='lat' dir='ltr'><strong>scribo:</strong></span> <span class='ocrx_word' id='word_1_105' title='bbox 1892 1517 2009 1590; x_wconf 70' lang='grc' dir='ltr'><strong>οὒκ</strong></span> <span class='ocrx_word' id='word_1_106' title='bbox 2066 1521 2209 1590; x_wconf 75' lang='grc' dir='ltr'><strong><em>ἐστι</em></strong></span> <span class='ocrx_word' id='word_1_107' title='bbox 2251 1521 2500 1611; x_wconf 85' lang='grc' dir='ltr'><em>μήτηρ·</em></span> <span class='ocrx_word' id='word_1_108' title='bbox 2541 1525 2551 1606; x_wconf 84' lang='grc' dir='ltr'>Ι</span> <span class='ocrx_word' id='word_1_109' title='bbox 2592 1517 2894 1610; x_wconf 75' lang='grc' dir='ltr'><em>ἀγχόνιον</em></span> 
     </span>
     <span class='ocr_line' id='line_1_13' title="bbox 583 1621 2891 1716; baseline 0 -21"><span class='ocrx_word' id='word_1_110' title='bbox 583 1629 654 1697; x_wconf 81' lang='grc' dir='ltr'><strong>δὲ</strong></span> <span class='ocrx_word' id='word_1_111' title='bbox 711 1628 952 1716; x_wconf 83' lang='grc' dir='ltr'><strong><em>βρόχον</em></strong></span> <span class='ocrx_word' id='word_1_112' title='bbox 998 1621 1089 1695; x_wconf 75' lang='grc' dir='ltr'><strong>δι’</strong></span> <span class='ocrx_word' id='word_1_113' title='bbox 1157 1626 1271 1712; x_wconf 75' lang='grc' dir='ltr'><strong>ἐμὲ</strong></span> <span class='ocrx_word' id='word_1_114' title='bbox 1310 1628 1319 1711; x_wconf 92' lang='grc' dir='ltr'>Ι</span> <span class='ocrx_word' id='word_1_115' title='bbox 1356 1623 1782 1711; x_wconf 79' lang='grc' dir='ltr'><strong><em>καταδήσατο</em></strong></span> <span class='ocrx_word' id='word_1_116' title='bbox 1842 1624 2177 1712; x_wconf 79' lang='grc' dir='ltr'><em>δύσγαμον</em></span> <span class='ocrx_word' id='word_1_117' title='bbox 2225 1624 2570 1713; x_wconf 80' lang='grc' dir='ltr'><strong><em>αἰσχύναν;</em></strong></span> <span class='ocrx_word' id='word_1_118' title='bbox 2631 1630 2710 1696; x_wconf 90' lang='lat' dir='ltr'><strong>cf.</strong></span> <span class='ocrx_word' id='word_1_119' title='bbox 2758 1631 2891 1697; x_wconf 90' lang='lat' dir='ltr'><strong>Ion.</strong></span> 
     </span>
     <span class='ocr_line' id='line_1_14' title="bbox 585 1739 866 1818; baseline 0 -19"><span class='ocrx_word' id='word_1_120' title='bbox 585 1739 743 1801; x_wconf 89' lang='lat'>1441</span> <span class='ocrx_word' id='word_1_121' title='bbox 773 1754 866 1818; x_wconf 91' lang='lat' dir='ltr'><strong>sq.</strong></span> 
     </span>
    </p>

    <p class='ocr_par' dir='ltr' id='par_1_3' title="bbox 570 1830 2909 3453">
     <span class='ocr_line' id='line_1_15' title="bbox 750 1830 2894 1917; baseline -0.003 -14"><span class='ocrx_word' id='word_1_122' title='bbox 750 1836 928 1903; x_wconf 92' lang='lat' dir='ltr'><strong>Alibi</strong></span> <span class='ocrx_word' id='word_1_123' title='bbox 960 1841 1174 1902; x_wconf 88' lang='lat' dir='ltr'><strong>autem</strong></span> <span class='ocrx_word' id='word_1_124' title='bbox 1221 1840 1571 1902; x_wconf 88' lang='lat' dir='ltr'><strong>correctum</strong></span> <span class='ocrx_word' id='word_1_125' title='bbox 1619 1841 1747 1917; x_wconf 84' lang='lat' dir='ltr'><strong>est3</strong></span> <span class='ocrx_word' id='word_1_126' title='bbox 1793 1834 1972 1900; x_wconf 82' lang='lat' dir='ltr'><strong>velut</strong></span> <span class='ocrx_word' id='word_1_127' title='bbox 2016 1832 2194 1916; x_wconf 86' lang='lat' dir='ltr'><strong>Sept.</strong></span> <span class='ocrx_word' id='word_1_128' title='bbox 2230 1836 2378 1898; x_wconf 82' lang='lat'>155:</span> <span class='ocrx_word' id='word_1_129' title='bbox 2429 1830 2894 1917; x_wconf 78' lang='grc' dir='ltr'><strong><em>ὁορυτίνακτος</em></strong></span> 
     </span>
     <span class='ocr_line' id='line_1_16' title="bbox 582 1929 2893 2024; baseline 0 -22"><span class='ocrx_word' id='word_1_130' title='bbox 582 1929 645 2002; x_wconf 73' lang='grc' dir='ltr'><strong>δ’</strong></span> <span class='ocrx_word' id='word_1_131' title='bbox 700 1935 978 2024; x_wconf 73' lang='grc' dir='ltr'><strong>αἰ-θήρ,</strong></span> <span class='ocrx_word' id='word_1_132' title='bbox 1026 1929 1089 1999; x_wconf 76' lang='grc' dir='ltr'><strong>δ’</strong></span> <span class='ocrx_word' id='word_1_133' title='bbox 1144 1937 1335 2004; x_wconf 84' lang='lat' dir='ltr'><strong>eiecit</strong></span> <span class='ocrx_word' id='word_1_134' title='bbox 1374 1937 1798 2002; x_wconf 89' lang='lat' dir='ltr'><strong>Hermannus.</strong></span> <span class='ocrx_word' id='word_1_135' title='bbox 1831 1969 1916 1981; x_wconf 92' lang='lat'><strong>—</strong></span> <span class='ocrx_word' id='word_1_136' title='bbox 1948 1933 2053 2001; x_wconf 90' lang='lat' dir='ltr'><strong>Or.</strong></span> <span class='ocrx_word' id='word_1_137' title='bbox 2100 1937 2223 2000; x_wconf 86' lang='lat'><strong>327</strong></span> <span class='ocrx_word' id='word_1_138' title='bbox 2249 1955 2378 2018; x_wconf 90' lang='lat' dir='ltr'><strong>sq.,</strong></span> <span class='ocrx_word' id='word_1_139' title='bbox 2439 1937 2507 2001; x_wconf 87' lang='lat' dir='ltr'><strong>in</strong></span> <span class='ocrx_word' id='word_1_140' title='bbox 2551 1956 2681 2019; x_wconf 90' lang='lat' dir='ltr'><strong>quo</strong></span> <span class='ocrx_word' id='word_1_141' title='bbox 2737 1936 2893 2019; x_wconf 88' lang='lat' dir='ltr'><strong>legit</strong></span> 
     </span>
     <span class='ocr_line' id='line_1_17' title="bbox 579 2034 2890 2123; baseline -0.002 -15"><span class='ocrx_word' id='word_1_142' title='bbox 579 2039 909 2108; x_wconf 87' lang='lat' dir='ltr'><strong>Seidlerus</strong></span> <span class='ocrx_word' id='word_1_143' title='bbox 953 2037 1043 2123; x_wconf 89' lang='lat' dir='ltr'><strong>(p.</strong></span> <span class='ocrx_word' id='word_1_144' title='bbox 1076 2035 1215 2120; x_wconf 83' lang='lat'>38):</span> <span class='ocrx_word' id='word_1_145' title='bbox 1261 2035 1617 2120; x_wconf 81' lang='grc' dir='ltr'><strong><em>μαινιάόος</em></strong></span> <span class='ocrx_word' id='word_1_146' title='bbox 1651 2034 2055 2122; x_wconf 83' lang='grc' dir='ltr'><em>φοιτᾶ-λὲου</em></span> <span class='ocrx_word' id='word_1_147' title='bbox 2101 2037 2232 2123; x_wconf 83' lang='grc' dir='ltr'><strong>φεῦ</strong></span> <span class='ocrx_word' id='word_1_148' title='bbox 2273 2034 2571 2120; x_wconf 71' lang='grc' dir='ltr'>μόχθων,</span> <span class='ocrx_word' id='word_1_149' title='bbox 2617 2038 2700 2104; x_wconf 89' lang='lat' dir='ltr'><strong>ab</strong></span> <span class='ocrx_word' id='word_1_150' title='bbox 2733 2039 2890 2106; x_wconf 89' lang='lat' dir='ltr'><strong>Her-</strong></span> 
     </span>
     <span class='ocr_line' id='line_1_18' title="bbox 580 2136 2892 2225; baseline -0 -17"><span class='ocrx_word' id='word_1_151' title='bbox 580 2162 812 2209; x_wconf 82' lang='lat' dir='ltr'><strong>manno</strong></span> <span class='ocrx_word' id='word_1_152' title='bbox 857 2148 1164 2208; x_wconf 87' lang='lat' dir='ltr'><strong>mutatum</strong></span> <span class='ocrx_word' id='word_1_153' title='bbox 1217 2141 1284 2205; x_wconf 87' lang='lat' dir='ltr'><strong>in</strong></span> <span class='ocrx_word' id='word_1_154' title='bbox 1327 2136 1685 2220; x_wconf 82' lang='grc' dir='ltr'><strong><em>μαινιάὸος</em></strong></span> <span class='ocrx_word' id='word_1_155' title='bbox 1732 2137 1952 2215; x_wconf 78' lang='grc' dir='ltr'><em>δεινᾶς</em></span> <span class='ocrx_word' id='word_1_156' title='bbox 1991 2140 2000 2221; x_wconf 92' lang='grc' dir='ltr'>Ι</span> <span class='ocrx_word' id='word_1_157' title='bbox 2040 2136 2409 2225; x_wconf 81' lang='grc' dir='ltr'><strong><em>φοιτᾶλέου</em></strong></span> <span class='ocrx_word' id='word_1_158' title='bbox 2453 2137 2766 2221; x_wconf 77' lang='grc' dir='ltr'>μόχθων,</span> <span class='ocrx_word' id='word_1_159' title='bbox 2824 2147 2892 2207; x_wconf 85' lang='lat' dir='ltr'><strong>ut</strong></span> 
     </span>
     <span class='ocr_line' id='line_1_19' title="bbox 576 2241 2888 2329; baseline -0.001 -17"><span class='ocrx_word' id='word_1_160' title='bbox 576 2250 873 2312; x_wconf 87' lang='lat' dir='ltr'><strong>accurate</strong></span> <span class='ocrx_word' id='word_1_161' title='bbox 929 2241 1319 2329; x_wconf 84' lang='lat' dir='ltr'><strong>respondeat</strong></span> <span class='ocrx_word' id='word_1_162' title='bbox 1373 2242 1617 2309; x_wconf 88' lang='lat' dir='ltr'><strong>antistr.</strong></span> <span class='ocrx_word' id='word_1_163' title='bbox 1666 2244 1790 2308; x_wconf 83' lang='lat'><strong>343</strong></span> <span class='ocrx_word' id='word_1_164' title='bbox 1820 2262 1915 2326; x_wconf 91' lang='lat' dir='ltr'><strong>sq.</strong></span> <span class='ocrx_word' id='word_1_165' title='bbox 1962 2278 2045 2288; x_wconf 91' lang='lat'>—</span> <span class='ocrx_word' id='word_1_166' title='bbox 2089 2242 2261 2310; x_wconf 90' lang='lat' dir='ltr'><strong>Herc</strong></span> <span class='ocrx_word' id='word_1_167' title='bbox 2314 2243 2434 2308; x_wconf 89' lang='lat' dir='ltr'><strong>fur.</strong></span> <span class='ocrx_word' id='word_1_168' title='bbox 2485 2243 2606 2307; x_wconf 88' lang='lat'><strong>758</strong></span> <span class='ocrx_word' id='word_1_169' title='bbox 2666 2242 2888 2320; x_wconf 89' lang='lat' dir='ltr'><strong>(Seidl.</strong></span> 
     </span>
     <span class='ocr_line' id='line_1_20' title="bbox 575 2335 2909 2432; baseline -0.001 -19"><span class='ocrx_word' id='word_1_170' title='bbox 575 2368 639 2432; x_wconf 90' lang='lat' dir='ltr'><strong>p.</strong></span> <span class='ocrx_word' id='word_1_171' title='bbox 675 2349 810 2425; x_wconf 86' lang='lat'><strong>77):</strong></span> <span class='ocrx_word' id='word_1_172' title='bbox 844 2339 1110 2432; x_wconf 71' lang='grc' dir='ltr'><strong><em>ἄφρονα</em></strong></span> <span class='ocrx_word' id='word_1_173' title='bbox 1142 2342 1337 2429; x_wconf 81' lang='grc' dir='ltr'><em>λόγον</em></span> <span class='ocrx_word' id='word_1_174' title='bbox 1367 2335 1733 2430; x_wconf 73' lang='grc' dir='ltr'><strong><em>οὐρανέ-ων</em></strong></span> <span class='ocrx_word' id='word_1_175' title='bbox 1763 2365 1841 2405; x_wconf 63' lang='lat' dir='ltr'>m</span> <span class='ocrx_word' id='word_1_176' title='bbox 1873 2349 2021 2410; x_wconf 85' lang='lat'><strong>745:</strong></span> <span class='ocrx_word' id='word_1_177' title='bbox 2068 2342 2278 2410; x_wconf 84' lang='grc' dir='ltr'><em>πάλιν</em></span> <span class='ocrx_word' id='word_1_178' title='bbox 2311 2343 2543 2426; x_wconf 79' lang='grc' dir='ltr'><em>ἔμολεν</em></span> <span class='ocrx_word' id='word_1_179' title='bbox 2575 2340 2617 2408; x_wconf 79' lang='grc' dir='ltr'><em>ἃ</em></span> <span class='ocrx_word' id='word_1_180' title='bbox 2648 2341 2909 2431; x_wconf 55' lang='grc' dir='ltr'><strong><em>πάρος</em></strong></span> 
     </span>
     <span class='ocr_line' id='line_1_21' title="bbox 574 2439 2883 2534; baseline 0 -18"><span class='ocrx_word' id='word_1_181' title='bbox 574 2450 847 2517; x_wconf 88' lang='lat' dir='ltr'><strong>formam</strong></span> <span class='ocrx_word' id='word_1_182' title='bbox 891 2470 935 2517; x_wconf 92' lang='lat' dir='ltr'><strong>a</strong></span> <span class='ocrx_word' id='word_1_183' title='bbox 976 2449 1238 2534; x_wconf 77' lang='lat' dir='ltr'><strong>tragicis</strong></span> <span class='ocrx_word' id='word_1_184' title='bbox 1283 2468 1412 2515; x_wconf 92' lang='lat' dir='ltr'><strong>non</strong></span> <span class='ocrx_word' id='word_1_185' title='bbox 1468 2448 1748 2516; x_wconf 87' lang='lat' dir='ltr'><strong>alienam</strong></span> <span class='ocrx_word' id='word_1_186' title='bbox 1794 2439 2082 2530; x_wconf 82' lang='grc' dir='ltr'><strong><em>ὄρανίων</em></strong></span> <span class='ocrx_word' id='word_1_187' title='bbox 2129 2447 2322 2516; x_wconf 84' lang='lat' dir='ltr'><strong>scribi</strong></span> <span class='ocrx_word' id='word_1_188' title='bbox 2366 2447 2600 2532; x_wconf 82' lang='lat' dir='ltr'><strong>velim3</strong></span> <span class='ocrx_word' id='word_1_189' title='bbox 2657 2467 2883 2533; x_wconf 86' lang='lat' dir='ltr'><strong>propo·</strong></span> 
     </span>
     <span class='ocr_line' id='line_1_22' title="bbox 578 2540 2885 2636; baseline -0.003 -16"><span class='ocrx_word' id='word_1_190' title='bbox 578 2553 706 2620; x_wconf 89' lang='lat' dir='ltr'><strong>suit</strong></span> <span class='ocrx_word' id='word_1_191' title='bbox 760 2554 931 2620; x_wconf 91' lang='lat' dir='ltr'><strong>enim</strong></span> <span class='ocrx_word' id='word_1_192' title='bbox 991 2571 1133 2619; x_wconf 91' lang='lat' dir='ltr'><strong>eam</strong></span> <span class='ocrx_word' id='word_1_193' title='bbox 1193 2550 1566 2618; x_wconf 90' lang='lat' dir='ltr'><strong>Dindorfius</strong></span> <span class='ocrx_word' id='word_1_194' title='bbox 1622 2549 1857 2617; x_wconf 89' lang='lat' dir='ltr'><strong>Aesch.</strong></span> <span class='ocrx_word' id='word_1_195' title='bbox 1906 2549 2114 2634; x_wconf 91' lang='lat' dir='ltr'><strong>Suppl</strong></span> <span class='ocrx_word' id='word_1_196' title='bbox 2159 2552 2314 2616; x_wconf 88' lang='lat'>808:</span> <span class='ocrx_word' id='word_1_197' title='bbox 2359 2547 2497 2628; x_wconf 79' lang='grc' dir='ltr'><strong>ἰὐζε</strong></span> <span class='ocrx_word' id='word_1_198' title='bbox 2542 2540 2605 2612; x_wconf 77' lang='grc' dir='ltr'><strong>δ’</strong></span> <span class='ocrx_word' id='word_1_199' title='bbox 2658 2541 2885 2636; x_wconf 78' lang='grc' dir='ltr'><em>ὀμφὰν</em></span> 
     </span>
     <span class='ocr_line' id='line_1_23' title="bbox 575 2645 2885 2741; baseline -0 -22"><span class='ocrx_word' id='word_1_200' title='bbox 575 2645 1128 2741; x_wconf 67' lang='grc' dir='ltr'>ὃρανίανω8171</span> <span class='ocrx_word' id='word_1_201' title='bbox 1174 2650 1359 2737; x_wconf 76' lang='grc' dir='ltr'><em>γένος</em></span> <span class='ocrx_word' id='word_1_202' title='bbox 1401 2649 1525 2737; x_wconf 88' lang='grc' dir='ltr'><strong>γὰρ</strong></span> <span class='ocrx_word' id='word_1_203' title='bbox 1570 2650 1959 2736; x_wconf 74' lang='grc' dir='ltr'><em>Αἰγύπτιον</em></span> <span class='ocrx_word' id='word_1_204' title='bbox 2004 2649 2225 2739; x_wconf 75' lang='grc' dir='ltr'><strong>ὕβριν,</strong></span> <span class='ocrx_word' id='word_1_205' title='bbox 2274 2660 2340 2719; x_wconf 90' lang='lat' dir='ltr'><strong>et</strong></span> <span class='ocrx_word' id='word_1_206' title='bbox 2382 2650 2458 2720; x_wconf 89' lang='lat' dir='ltr'><strong>O.</strong></span> <span class='ocrx_word' id='word_1_207' title='bbox 2505 2651 2643 2719; x_wconf 79' lang='lat' dir='ltr'><strong>Col.</strong></span> <span class='ocrx_word' id='word_1_208' title='bbox 2695 2654 2885 2718; x_wconf 80' lang='lat'>1466:</span> 
     </span>
     <span class='ocr_line' id='line_1_24' title="bbox 574 2746 2882 2842; baseline -0.001 -21"><span class='ocrx_word' id='word_1_209' title='bbox 574 2753 829 2842; x_wconf 69' lang='grc' dir='ltr'><strong><em>ἕπτηξα</em></strong></span> <span class='ocrx_word' id='word_1_210' title='bbox 859 2751 1112 2838; x_wconf 73' lang='grc' dir='ltr'><strong><em>θυμὸν·</em></strong></span> <span class='ocrx_word' id='word_1_211' title='bbox 1146 2746 1387 2839; x_wconf 80' lang='grc' dir='ltr'><strong><em>ὄρανία</em></strong></span> <span class='ocrx_word' id='word_1_212' title='bbox 1415 2751 1561 2838; x_wconf 87' lang='grc' dir='ltr'><strong>γὰρ.</strong></span> <span class='ocrx_word' id='word_1_213' title='bbox 1593 2789 1675 2800; x_wconf 92' lang='grc'>-</span> <span class='ocrx_word' id='word_1_214' title='bbox 1707 2756 1842 2821; x_wconf 90' lang='lat' dir='ltr'><strong>Ion.</strong></span> <span class='ocrx_word' id='word_1_215' title='bbox 1879 2758 2032 2821; x_wconf 84' lang='lat'><strong>797:</strong></span> <span class='ocrx_word' id='word_1_216' title='bbox 2067 2751 2313 2839; x_wconf 70' lang='grc' dir='ltr'><strong><em>αἰθέρα</em></strong></span> <span class='ocrx_word' id='word_1_217' title='bbox 2344 2751 2580 2837; x_wconf 86' lang='grc' dir='ltr'><strong><em>πόρσω</em></strong></span> <span class='ocrx_word' id='word_1_218' title='bbox 2621 2752 2882 2840; x_wconf 85' lang='grc' dir='ltr'><strong><em>(πρόσω</em></strong></span> 
     </span>
     <span class='ocr_line' id='line_1_25' title="bbox 576 2848 2878 2941; baseline -0.002 -16"><span class='ocrx_word' id='word_1_219' title='bbox 576 2858 783 2936; x_wconf 89' lang='lat' dir='ltr'><strong>codd.)</strong></span> <span class='ocrx_word' id='word_1_220' title='bbox 851 2861 1100 2941; x_wconf 79' lang='grc' dir='ltr'><strong><em>γαί-ας</em></strong></span> <span class='ocrx_word' id='word_1_221' title='bbox 1153 2850 1526 2941; x_wconf 69' lang='grc' dir='ltr'><strong><em>Ἑλλανίας,</em></strong></span> <span class='ocrx_word' id='word_1_222' title='bbox 1588 2858 1771 2925; x_wconf 88' lang='lat' dir='ltr'><strong>facili</strong></span> <span class='ocrx_word' id='word_1_223' title='bbox 1831 2856 2279 2925; x_wconf 84' lang='lat' dir='ltr'><strong>emendatione</strong></span> <span class='ocrx_word' id='word_1_224' title='bbox 2334 2857 2573 2924; x_wconf 88' lang='lat' dir='ltr'><strong>scribo:</strong></span> <span class='ocrx_word' id='word_1_225' title='bbox 2645 2848 2878 2940; x_wconf 72' lang='grc' dir='ltr'><strong><em>αἰθέρ’</em></strong></span> 
     </span>
     <span class='ocr_line' id='line_1_26' title="bbox 575 2949 2884 3044; baseline 0.001 -22"><span class='ocrx_word' id='word_1_226' title='bbox 575 2949 851 3043; x_wconf 79' lang='grc' dir='ltr'><strong><em>ἆπόπρὸ</em></strong></span> <span class='ocrx_word' id='word_1_227' title='bbox 900 2961 1179 3042; x_wconf 81' lang='grc' dir='ltr'><strong>γαί-ας.</strong></span> <span class='ocrx_word' id='word_1_228' title='bbox 1229 2993 1311 3003; x_wconf 93' lang='grc'><strong>-</strong></span> <span class='ocrx_word' id='word_1_229' title='bbox 1354 2958 1409 3024; x_wconf 89' lang='grc' dir='ltr'><strong>Ε</strong></span> <span class='ocrx_word' id='word_1_230' title='bbox 1456 2957 1776 3026; x_wconf 91' lang='lat' dir='ltr'><strong>dochmiis</strong></span> <span class='ocrx_word' id='word_1_231' title='bbox 1832 2959 2082 3026; x_wconf 89' lang='lat' dir='ltr'><strong>claudis</strong></span> <span class='ocrx_word' id='word_1_232' title='bbox 2127 2958 2506 3026; x_wconf 84' lang='lat' dir='ltr'><strong>eximendus</strong></span> <span class='ocrx_word' id='word_1_233' title='bbox 2552 2964 2651 3025; x_wconf 88' lang='lat' dir='ltr'><strong>est</strong></span> <span class='ocrx_word' id='word_1_234' title='bbox 2694 2959 2884 3044; x_wconf 88' lang='lat' dir='ltr'><strong>diph-</strong></span> 
     </span>
     <span class='ocr_line' id='line_1_27' title="bbox 573 3056 2879 3145; baseline -0.001 -19"><span class='ocrx_word' id='word_1_235' title='bbox 573 3059 797 3144; x_wconf 86' lang='lat' dir='ltr'><strong>thongi</strong></span> <span class='ocrx_word' id='word_1_236' title='bbox 853 3060 1252 3143; x_wconf 80' lang='lat' dir='ltr'><strong>correptione</strong></span> <span class='ocrx_word' id='word_1_237' title='bbox 1310 3080 1372 3123; x_wconf 88' lang='lat' dir='ltr'><strong>v.</strong></span> <span class='ocrx_word' id='word_1_238' title='bbox 1436 3058 1670 3126; x_wconf 84' lang='lat' dir='ltr'><strong>Bacch.</strong></span> <span class='ocrx_word' id='word_1_239' title='bbox 1735 3062 1929 3127; x_wconf 80' lang='lat'>1006:</span> <span class='ocrx_word' id='word_1_240' title='bbox 1993 3063 2206 3143; x_wconf 86' lang='grc' dir='ltr'><strong><em>χαίρω</em></strong></span> <span class='ocrx_word' id='word_1_241' title='bbox 2263 3056 2689 3145; x_wconf 76' lang='grc' dir='ltr'><strong><em>θηρεύου-σα</em></strong></span> <span class='ocrx_word' id='word_1_242' title='bbox 2748 3060 2879 3125; x_wconf 79' lang='grc' dir='ltr'><strong>κτλ.</strong></span> 
     </span>
     <span class='ocr_line' id='line_1_28' title="bbox 572 3161 2880 3281; baseline 0 -52"><span class='ocrx_word' id='word_1_243' title='bbox 572 3164 763 3250; x_wconf 88' lang='lat' dir='ltr'><strong>Item,</strong></span> <span class='ocrx_word' id='word_1_244' title='bbox 829 3183 973 3232; x_wconf 92' lang='lat' dir='ltr'><strong>cum</strong></span> <span class='ocrx_word' id='word_1_245' title='bbox 1038 3167 1184 3246; x_wconf 90' lang='lat' dir='ltr'><strong>post</strong></span> <span class='ocrx_word' id='word_1_246' title='bbox 1239 3161 1607 3230; x_wconf 89' lang='lat' dir='ltr'><strong>dochmium</strong></span> <span class='ocrx_word' id='word_1_247' title='bbox 1663 3162 1965 3231; x_wconf 90' lang='lat' dir='ltr'><strong>claudum</strong></span> <span class='ocrx_word' id='word_1_248' title='bbox 2022 3164 2269 3281; x_wconf 89' lang='lat' dir='ltr'><strong>liqueat</strong></span> <span class='ocrx_word' id='word_1_249' title='bbox 2325 3161 2697 3230; x_wconf 91' lang='lat' dir='ltr'><strong>dochmium</strong></span> <span class='ocrx_word' id='word_1_250' title='bbox 2757 3184 2880 3231; x_wconf 92' lang='lat' dir='ltr'><strong>non</strong></span> 
     </span>
     <span class='ocr_line' id='line_1_29' title="bbox 570 3263 2877 3385; baseline -0.001 -53"><span class='ocrx_word' id='word_1_251' title='bbox 570 3285 760 3385; x_wconf 63' lang='lat' dir='ltr'><strong>posse</strong></span> <span class='ocrx_word' id='word_1_252' title='bbox 793 3266 1077 3349; x_wconf 87' lang='lat' dir='ltr'><strong>incipere</strong></span> <span class='ocrx_word' id='word_1_253' title='bbox 1098 3264 1196 3330; x_wconf 88' lang='lat' dir='ltr'><strong>ab</strong></span> <span class='ocrx_word' id='word_1_254' title='bbox 1214 3264 1532 3346; x_wconf 90' lang='lat' dir='ltr'><strong>enclitico‚</strong></span> <span class='ocrx_word' id='word_1_255' title='bbox 1564 3263 2038 3348; x_wconf 83' lang='lat' dir='ltr'><strong>diphthongum</strong></span> <span class='ocrx_word' id='word_1_256' title='bbox 2064 3265 2340 3347; x_wconf 91' lang='lat' dir='ltr'><strong>corripio</strong></span> <span class='ocrx_word' id='word_1_257' title='bbox 2364 3265 2429 3329; x_wconf 92' lang='lat' dir='ltr'><strong>in</strong></span> <span class='ocrx_word' id='word_1_258' title='bbox 2456 3263 2699 3331; x_wconf 90' lang='lat' dir='ltr'><strong>Phoen.</strong></span> <span class='ocrx_word' id='word_1_259' title='bbox 2733 3267 2877 3330; x_wconf 87' lang='lat'><strong>187:</strong></span> 
     </span>
     <span class='ocr_line' id='line_1_30' title="bbox 571 3349 2633 3453; baseline 0.001 -23"><span class='ocrx_word' id='word_1_260' title='bbox 571 3360 863 3448; x_wconf 79' lang='grc' dir='ltr'><strong><em>εύ-χεται</em></strong></span> <span class='ocrx_word' id='word_1_261' title='bbox 906 3349 1223 3452; x_wconf 77' lang='grc' dir='ltr'><strong><em>Λερναῖα</em></strong></span> <span class='ocrx_word' id='word_1_262' title='bbox 1267 3389 1341 3431; x_wconf 83' lang='grc' dir='ltr'><strong>τε</strong></span> <span class='ocrx_word' id='word_1_263' title='bbox 1386 3363 1628 3433; x_wconf 81' lang='grc' dir='ltr'><em>ὃωσειν</em></span> <span class='ocrx_word' id='word_1_264' title='bbox 1669 3371 1888 3451; x_wconf 81' lang='grc' dir='ltr'><strong><em>τριαί-</em></strong></span> <span class='ocrx_word' id='word_1_265' title='bbox 1892 3390 1993 3453; x_wconf 75' lang='grc' dir='ltr'><strong>νᾳ.</strong></span> <span class='ocrx_word' id='word_1_266' title='bbox 2629 3412 2633 3416; x_wconf 65' lang='grc'><em>»</em></span> 
     </span>
    </p>

    <p class='ocr_par' dir='ltr' id='par_1_4' title="bbox 568 3440 2876 4167">
     <span class='ocr_line' id='line_1_31' title="bbox 742 3440 2876 3555; baseline 0 -21"><span class='ocrx_word' id='word_1_267' title='bbox 742 3468 903 3535; x_wconf 85' lang='lat' dir='ltr'><strong>Sunt</strong></span> <span class='ocrx_word' id='word_1_268' title='bbox 932 3474 1146 3535; x_wconf 85' lang='lat' dir='ltr'><strong>autem</strong></span> <span class='ocrx_word' id='word_1_269' title='bbox 1180 3468 1478 3535; x_wconf 89' lang='lat' dir='ltr'><strong>dochmii</strong></span> <span class='ocrx_word' id='word_1_270' title='bbox 1492 3469 1727 3553; x_wconf 87' lang='lat' dir='ltr'><strong>claudi,</strong></span> <span class='ocrx_word' id='word_1_271' title='bbox 1775 3471 1885 3553; x_wconf 92' lang='lat' dir='ltr'><strong>qui</strong></span> <span class='ocrx_word' id='word_1_272' title='bbox 1917 3440 2214 3536; x_wconf 83' lang='lat' dir='ltr'><strong>videntur</strong></span> <span class='ocrx_word' id='word_1_273' title='bbox 2243 3468 2636 3555; x_wconf 87' lang='lat' dir='ltr'><strong>respondere</strong></span> <span class='ocrx_word' id='word_1_274' title='bbox 2685 3468 2876 3537; x_wconf 92' lang='lat' dir='ltr'><strong>doch·</strong></span> 
     </span>
     <span class='ocr_line' id='line_1_32' title="bbox 570 3569 2874 3655; baseline 0.001 -20"><span class='ocrx_word' id='word_1_275' title='bbox 570 3569 716 3636; x_wconf 90' lang='lat' dir='ltr'><strong>miis</strong></span> <span class='ocrx_word' id='word_1_276' title='bbox 770 3571 949 3654; x_wconf 90' lang='lat' dir='ltr'><strong>puris</strong></span> <span class='ocrx_word' id='word_1_277' title='bbox 994 3589 1109 3654; x_wconf 89' lang='lat' dir='ltr'><strong>per</strong></span> <span class='ocrx_word' id='word_1_278' title='bbox 1153 3571 1538 3655; x_wconf 81' lang='lat' dir='ltr'><strong>synaphiam</strong></span> <span class='ocrx_word' id='word_1_279' title='bbox 1582 3573 1914 3639; x_wconf 88' lang='lat' dir='ltr'><strong>metricam</strong></span> <span class='ocrx_word' id='word_1_280' title='bbox 1960 3592 2106 3640; x_wconf 87' lang='lat' dir='ltr'><strong>cum</strong></span> <span class='ocrx_word' id='word_1_281' title='bbox 2150 3577 2459 3654; x_wconf 89' lang='lat' dir='ltr'><strong>sequente</strong></span> <span class='ocrx_word' id='word_1_282' title='bbox 2502 3573 2874 3639; x_wconf 89' lang='lat' dir='ltr'><strong>coniunctis.</strong></span> 
     </span>
     <span class='ocr_line' id='line_1_33' title="bbox 569 3668 2874 3759; baseline 0.002 -23"><span class='ocrx_word' id='word_1_283' title='bbox 569 3668 972 3754; x_wconf 83' lang='lat' dir='ltr'><strong>Quamquam</strong></span> <span class='ocrx_word' id='word_1_284' title='bbox 1017 3673 1218 3740; x_wconf 91' lang='lat' dir='ltr'><strong>multa</strong></span> <span class='ocrx_word' id='word_1_285' title='bbox 1260 3675 1425 3741; x_wconf 89' lang='lat' dir='ltr'><strong>inter</strong></span> <span class='ocrx_word' id='word_1_286' title='bbox 1469 3694 1540 3742; x_wconf 94' lang='lat' dir='ltr'><strong>se</strong></span> <span class='ocrx_word' id='word_1_287' title='bbox 1582 3674 1974 3759; x_wconf 91' lang='lat' dir='ltr'><strong>respondere</strong></span> <span class='ocrx_word' id='word_1_288' title='bbox 2035 3675 2334 3758; x_wconf 87' lang='lat' dir='ltr'><strong>opinatus</strong></span> <span class='ocrx_word' id='word_1_289' title='bbox 2383 3680 2480 3742; x_wconf 86' lang='lat' dir='ltr'><strong>est</strong></span> <span class='ocrx_word' id='word_1_290' title='bbox 2524 3672 2874 3756; x_wconf 88' lang='lat' dir='ltr'><strong>Seidlerus‚</strong></span> 
     </span>
     <span class='ocr_line' id='line_1_34' title="bbox 569 3774 2872 3861; baseline 0.001 -22"><span class='ocrx_word' id='word_1_291' title='bbox 569 3792 735 3857; x_wconf 90' lang='lat' dir='ltr'><strong>quae</strong></span> <span class='ocrx_word' id='word_1_292' title='bbox 758 3792 882 3839; x_wconf 93' lang='lat' dir='ltr'><strong>non</strong></span> <span class='ocrx_word' id='word_1_293' title='bbox 908 3775 1250 3840; x_wconf 84' lang='lat' dir='ltr'><strong>convenire</strong></span> <span class='ocrx_word' id='word_1_294' title='bbox 1274 3776 1439 3842; x_wconf 89' lang='lat' dir='ltr'><strong>inter</strong></span> <span class='ocrx_word' id='word_1_295' title='bbox 1454 3796 1526 3843; x_wconf 89' lang='lat' dir='ltr'><strong>se</strong></span> <span class='ocrx_word' id='word_1_296' title='bbox 1542 3777 1822 3844; x_wconf 91' lang='lat' dir='ltr'><strong>editores</strong></span> <span class='ocrx_word' id='word_1_297' title='bbox 1842 3783 1989 3861; x_wconf 91' lang='lat' dir='ltr'><strong>post</strong></span> <span class='ocrx_word' id='word_1_298' title='bbox 2005 3796 2150 3844; x_wconf 91' lang='lat' dir='ltr'><strong>eum</strong></span> <span class='ocrx_word' id='word_1_299' title='bbox 2175 3777 2605 3844; x_wconf 83' lang='lat' dir='ltr'><strong>consentiant:</strong></span> <span class='ocrx_word' id='word_1_300' title='bbox 2631 3774 2872 3842; x_wconf 90' lang='lat' dir='ltr'><strong>Phoen.</strong></span> 
     </span>
     <span class='ocr_line' id='line_1_35' title="bbox 574 3877 2871 3963; baseline 0.001 -24"><span class='ocrx_word' id='word_1_301' title='bbox 574 3877 821 3952; x_wconf 70' lang='lat' dir='ltr'>114(oe</span> <span class='ocrx_word' id='word_1_302' title='bbox 857 3879 1021 3960; x_wconf 80' lang='grc'>147),</span> <span class='ocrx_word' id='word_1_303' title='bbox 1059 3878 1179 3940; x_wconf 82' lang='grc'><strong>194</strong></span> <span class='ocrx_word' id='word_1_304' title='bbox 1204 3878 1306 3953; x_wconf 66' lang='grc' dir='ltr'><strong>(ω</strong></span> <span class='ocrx_word' id='word_1_305' title='bbox 1336 3880 1499 3961; x_wconf 85' lang='lat'>170)</span> <span class='ocrx_word' id='word_1_306' title='bbox 1550 3882 1670 3945; x_wconf 84' lang='lat'><strong>196</strong></span> <span class='ocrx_word' id='word_1_307' title='bbox 1703 3881 1805 3956; x_wconf 71' lang='grc' dir='ltr'><strong>(ω</strong></span> <span class='ocrx_word' id='word_1_308' title='bbox 1833 3880 1998 3963; x_wconf 86' lang='lat'><strong>172),</strong></span> <span class='ocrx_word' id='word_1_309' title='bbox 2031 3880 2152 3945; x_wconf 86' lang='lat'><strong>323</strong></span> <span class='ocrx_word' id='word_1_310' title='bbox 2183 3880 2283 3956; x_wconf 71' lang='grc' dir='ltr'><strong>(ω</strong></span> <span class='ocrx_word' id='word_1_311' title='bbox 2309 3879 2479 3959; x_wconf 84' lang='lat'><strong>331),</strong></span> <span class='ocrx_word' id='word_1_312' title='bbox 2519 3877 2679 3944; x_wconf 72' lang='lat' dir='ltr'><strong>Hoc.</strong></span> <span class='ocrx_word' id='word_1_313' title='bbox 2716 3881 2871 3942; x_wconf 87' lang='lat'><strong>1075</strong></span> 
     </span>
     <span class='ocr_line' id='line_1_36' title="bbox 568 3976 2874 4063; baseline 0.004 -23"><span class='ocrx_word' id='word_1_314' title='bbox 568 3984 673 4056; x_wconf 72' lang='grc' dir='ltr'><strong>(ω</strong></span> <span class='ocrx_word' id='word_1_315' title='bbox 708 3979 928 4062; x_wconf 85' lang='grc'>1059),</span> <span class='ocrx_word' id='word_1_316' title='bbox 992 3976 1098 4044; x_wconf 88' lang='lat' dir='ltr'><strong>Or.</strong></span> <span class='ocrx_word' id='word_1_317' title='bbox 1151 3982 1273 4043; x_wconf 90' lang='lat'><strong>154</strong></span> <span class='ocrx_word' id='word_1_318' title='bbox 1305 3977 1406 4060; x_wconf 74' lang='grc' dir='ltr'><strong>(ω</strong></span> <span class='ocrx_word' id='word_1_319' title='bbox 1435 3983 1600 4057; x_wconf 89' lang='grc'>142).</span> <span class='ocrx_word' id='word_1_320' title='bbox 1689 3981 1840 4047; x_wconf 86' lang='lat' dir='ltr'><strong>Alia</strong></span> <span class='ocrx_word' id='word_1_321' title='bbox 1897 3981 2035 4048; x_wconf 91' lang='lat' dir='ltr'><strong>eius</strong></span> <span class='ocrx_word' id='word_1_322' title='bbox 2090 4001 2242 4048; x_wconf 86' lang='lat' dir='ltr'><strong>usus</strong></span> <span class='ocrx_word' id='word_1_323' title='bbox 2299 3980 2602 4063; x_wconf 83' lang='lat' dir='ltr'><strong>exempla</strong></span> <span class='ocrx_word' id='word_1_324' title='bbox 2657 3979 2874 4049; x_wconf 86' lang='lat' dir='ltr'><strong>levare</strong></span> 
     </span>
     <span class='ocr_line' id='line_1_37' title="bbox 568 4064 2870 4184; baseline 0.001 -38"><span class='ocrx_word' id='word_1_325' title='bbox 568 4099 907 4163; x_wconf 90' lang='lat' dir='ltr'><strong>possumus</strong></span> <span class='ocrx_word' id='word_1_326' title='bbox 946 4080 1334 4166; x_wconf 86' lang='lat' dir='ltr'><strong>diphthongi</strong></span> <span class='ocrx_word' id='word_1_327' title='bbox 1366 4084 1794 4184; x_wconf 81' lang='lat' dir='ltr'><strong>correptione.</strong></span> <span class='ocrx_word' id='word_1_328' title='bbox 1843 4083 2020 4152; x_wconf 89' lang='lat' dir='ltr'><strong>Pers.</strong></span> <span class='ocrx_word' id='word_1_329' title='bbox 2052 4085 2207 4149; x_wconf 84' lang='grc'>657.</span> <span class='ocrx_word' id='word_1_330' title='bbox 2250 4079 2462 4168; x_wconf 70' lang='grc' dir='ltr'><strong><em>βαλὴν</em></strong></span> <span class='ocrx_word' id='word_1_331' title='bbox 2496 4064 2870 4165; x_wconf 71' lang='grc' dir='ltr'><strong><em>ἀρχαῖοςω</em></strong></span> 
     </span>
    </p>
   </div>
   <div class='ocr_carea' id='block_1_3' title="bbox 3111 656 3136 4929">
    <p class='ocr_par' dir='ltr' id='par_1_5' title="bbox 3111 656 3136 4929">
     <span class='ocr_line' id='line_1_38' title="bbox 3111 656 3136 4929; baseline 0 0"><span class='ocrx_word' id='word_1_332' title='bbox 3111 656 3136 4929; x_wconf 95' lang='lat' dir='ltr'><strong> </strong></span> 
     </span>
    </p>
   </div>
  </div>
 </body>
</html>
