3177 4960
636 339 759 399 262
1601 342 1759 412 Hugo
1795 347 1831 402 J
1834 347 1986 399 usatz

800 513 1357 606 Άπεμφαίνοντα
1388 526 1604 586 autem
1636 526 1843 587 metra
1873 520 2048 587 dicta
2079 540 2222 587 esse
2254 519 2554 586 videntur
2582 524 2952 605 propterea,

643 623 813 705 quod
847 614 1353 708 ἇπεμφαίνουσι
1382 618 1500 687 τὸν
1545 621 1828 709 ῥυθμόν,
1876 624 1917 689 ἰ.
1951 643 2007 689 e.
2054 623 2206 706 quia
2249 624 2577 706 legitimus
2606 620 2947 709 rhythmus

637 727 731 793 eis
761 745 889 791 non
927 727 998 793 fit
1039 727 1418 809 perspicuus
1463 723 1829 814 (ἐμφανὴς),
1877 727 1991 794 sed
2022 727 2220 792 alium
2253 726 2593 793 ostendere
2624 726 2942 793 videntur.

640 832 799 898 Cum
830 836 1043 897 autem
1073 830 1378 896 universa
1408 830 1713 896 metricae
1743 830 2062 914 expositio
2094 835 2228 895 tum
2260 848 2357 912 ea,
2405 848 2572 912 quae
2609 827 2691 896 de
2722 830 2942 896 metris

643 936 771 1001 illis
802 932 1068 1000 tradidit
1095 932 1433 1015 Aristides,
1480 951 1563 998 ex
1595 931 1933 999 Heliodori
1964 933 2213 999 metrici
2243 931 2538 999 doctrina
2568 932 2771 1017 petita
2799 951 2943 999 esse

637 1038 833 1120 vulgo
873 1035 1214 1103 creduntur
1266 1034 1529 1110 (Caesar
1580 1055 1643 1118 p.
1679 1038 1755 1099 31
1765 1049 1804 1109 ).
1893 1034 2026 1102 Sed
2069 1035 2344 1102 fortasse
2386 1034 2453 1101 id
2499 1036 2710 1118 ipsum
2756 1055 2942 1118 prae·

638 1146 892 1225 ceptum
924 1141 1118 1206 altius
1172 1137 1594 1221 repetendum
1642 1144 1705 1204 et
1749 1137 1832 1203 ad
1879 1136 2277 1221 rhythmicos
2324 1137 2780 1206 conferendum
2827 1146 2941 1222 est,

635 1265 761 1311 non
813 1250 943 1309 tam
1001 1248 1345 1327 propterea
1402 1241 1575 1324 quod
1635 1240 1873 1325 pedum
1918 1242 2417 1325 compositorum
2461 1240 2532 1307 fit
2574 1243 2814 1309 mentio
2861 1276 2936 1285 —

638 1367 786 1413 nam
814 1366 893 1413 ea
921 1366 1048 1412 non
1078 1344 1273 1411 modo
1296 1345 1379 1410 ab
1403 1343 1887 1429 Hephaestione
1920 1343 2144 1421 (schol.
2179 1342 2388 1429 Heph.
2422 1366 2485 1429 p.
2518 1348 2666 1428 218,
2699 1349 2781 1411 20
2811 1346 2940 1412 W.:

642 1449 814 1532 λέγει
866 1448 1026 1524 (soil.
1074 1441 1108 1513 ὃ
1150 1441 1590 1533 Ἡφαιστίων)
1649 1496 1923 1512 .....
1983 1445 2294 1531 δευτέραν
2351 1446 2423 1511 δὲ
2484 1439 2942 1514 ἆντιπάθειαν

634 1549 753 1636 τὴν
786 1548 852 1615 ἓν
882 1563 1025 1626 τοῖς
1056 1553 1409 1627 συνθέτοις
1439 1552 1676 1630 (ποσὶ),
1725 1550 1891 1634 λέγω
1921 1547 2041 1635 τὴν
2088 1547 2156 1615 ἐν
2185 1562 2328 1627 τοῖς
2358 1548 2938 1635 τετρασυλλάβοις)

639 1653 753 1721 sed
784 1655 978 1720 etiam
1009 1654 1093 1721 ab
1123 1653 1478 1721 Heliodoro
1510 1674 1638 1720 non
1673 1654 1888 1720 aliena
1930 1653 2130 1720 fuisse
2175 1653 2448 1735 videtur,
2496 1655 2793 1738 quamvis
2838 1652 2943 1719 hic

636 1757 776 1842 ipse
804 1759 870 1823 in
899 1756 1188 1840 reliquiis
1220 1776 1298 1823 ea
1327 1776 1453 1823 non
1484 1775 1638 1823 usus
1667 1757 1751 1822 sit
1780 1792 1881 1839 -,
1929 1776 2121 1840 quam
2152 1756 2324 1840 quod
2372 1764 2944 1824 commemorantur

637 1861 702 1926 οἱ
761 1853 1024 1944 ἀρχαῖοι
1081 1861 1219 1927 scil.
1274 1863 1576 1943 ποιηταί.
1664 1858 1964 1927 Metricos
2010 1860 2179 1926 enim
2222 1880 2351 1926 non
2398 1860 2691 1926 omnibus
2737 1861 2943 1944 poetis

635 1981 855 2047 parem
900 1963 1343 2028 auctoritatem
1400 1962 1698 2028 tribuisse
1742 1980 2055 2044 nusquam
2114 1961 2417 2028 traditum
2463 1968 2578 2029 est.
2669 1961 2773 2027 An
2817 1962 2941 2028 He·

635 2064 932 2150 phaestio
976 2070 1395 2148 anapaestum
1442 2065 1608 2130 inter
1651 2064 1883 2148 pedes,
1945 2084 2105 2148 quos
2150 2065 2402 2132 iambus
2444 2066 2593 2148 lege
2639 2066 2943 2149 excipiat,

639 2172 999 2249 enumerat,
1064 2166 1519 2250 Heliodorum,
1590 2168 1770 2234 cuius
1826 2168 2119 2251 vestigiis
2177 2168 2484 2235 institisse
2540 2167 2942 2253 Hephaestio

640 2269 937 2353 traditur,
998 2271 1186 2335 aliter
1231 2270 1440 2353 egisse
1486 2269 1834 2353 putamus?
1921 2269 2340 2354 Rhythmicos
2387 2290 2541 2337 vero
2594 2277 2947 2354 praecepta

639 2393 754 2440 sua
783 2393 910 2439 non
940 2372 1024 2439 ad
1053 2372 1334 2439 omnium
1368 2378 1703 2457 poetarum
1734 2378 1936 2439 artem
1968 2374 2290 2456 pertinere
2320 2374 2607 2441 voluisse
2637 2375 2946 2457 probatur

637 2476 1038 2545 testimoniis.
1140 2475 1308 2542 Nam
1368 2475 1433 2541 in
1489 2474 1817 2543 Plutarchi
1874 2475 1957 2543 de
2013 2477 2257 2545 musica
2316 2476 2571 2561 libello,
2634 2496 2762 2560 quo
2818 2497 2942 2542 non

635 2582 813 2646 nulla
857 2601 940 2648 ex
985 2579 1356 2646 Aristoxeni
1400 2579 1582 2645 libris
1629 2578 1936 2663 decerpta
1979 2585 2153 2663 sunt,
2197 2585 2489 2646 narratur
2533 2579 2615 2645 de
2660 2579 2941 2646 musicae

637 2689 702 2751 et
744 2682 1184 2750 adolescentia
1228 2688 1293 2748 et
1336 2681 1833 2765 depravatione,
1880 2683 2090 2765 qualis
2133 2682 2502 2749 Aristoxeni
2545 2687 2762 2749 aetate
2803 2683 2939 2748 fuit.

637 2786 797 2853 Cum
828 2790 1042 2851 autem
1074 2784 1157 2850 de
1186 2785 1553 2866 melopoeia
1598 2784 2056 2852 deflorescente
2082 2786 2282 2853 verba
2324 2786 2585 2854 fecisset
2628 2786 2705 2870 ie,
2753 2806 2935 2870 quem

636 2885 1017 2953 Plutarchus
1059 2888 1428 2969 loquentem
1473 2889 1649 2970 facit,
1696 2889 1790 2955 sic
1833 2889 2046 2971 pergit
2086 2890 2162 2966 (c.
2201 2890 2332 2966 12):
2379 2886 2523 2954 ἔστι
2569 2887 2643 2953 δέ
2684 2913 2789 2966 τις
2831 2889 2935 2955 καὶ

637 2989 794 3074 περὶ
842 2988 1120 3075 ῥυθμῶν
1153 2986 1363 3073 λόγος.
1432 2992 1583 3076 γένη
1629 2986 1753 3076 γάρ
1798 3014 1951 3057 τινα
1981 2993 2092 3057 καὶ
2139 2989 2282 3077 ε’ίδη
2329 2991 2609 3076 ῥυθμῶν
2654 2990 2932 3076 προσεξ-

638 3093 910 3179 ευρέθη,
984 3082 1152 3157 ἄλλα
1210 3088 1341 3180 μὴν
1398 3094 1508 3157 καὶ
1579 3092 1994 3176 μελοποιιῶν
2022 3099 2064 3170 ¹)
2134 3117 2207 3159 τε
2262 3095 2370 3159 καὶ
2433 3095 2929 3180 ῥυθμοποιιῶν·

633 3193 932 3282 προτέρα
962 3194 1081 3278 μὲν
1110 3191 1236 3280 γὰρ
1266 3189 1307 3282 ἡ
1345 3193 1779 3281 Τερπάνδρου
1808 3201 2202 3280 καινοτομία
2245 3189 2447 3262 καλόν
2489 3222 2643 3263 τινα
2690 3196 2932 3283 τρόπον

639 3298 733 3376 εἷς
777 3296 894 3386 τὴν
948 3296 1270 3385 μουσικὴν
1318 3296 1641 3387 εἰσήγαγε.
1731 3298 2212 3387 Πολύμνηστος
2271 3298 2342 3365 δὲ
2396 3297 2564 3382 μετὰ
2609 3298 2728 3366 τὸν
2777 3308 2933 3385 Τερ-

636 3400 1000 3483 πάνδρειον
1043 3404 1250 3487 καινῷ
1305 3403 1440 3481 (καὶ
1486 3395 1542 3487 ᾦ
1602 3402 1814 3479 codd.)
1875 3400 2229 3487 ἐχρήσατο,
2288 3404 2398 3468 καὶ
2459 3399 2662 3480 αὐτὸς
2715 3400 2932 3486 μέντοι

638 3501 944 3585 ἐχόμενος
996 3506 1116 3568 τοῦ
1178 3505 1382 3569 καλοῦ
1446 3502 1694 3585 τύπου,
1762 3498 2078 3582 ῶσαύτως
2147 3504 2219 3570 δὲ
2283 3506 2396 3572 καὶ
2455 3504 2766 3594 Θαλήτας
2821 3505 2927 3570 καὶ

640 3602 976 3680 Σακάδας·
1022 3606 1133 3671 καὶ
1175 3603 1300 3692 γὰρ
1333 3599 1519 3672 οὗτοι
1547 3605 1716 3672 κατά
1758 3630 1832 3692 γε
1860 3604 1983 3684 τὰς
2029 3608 2493 3694 ῥυθμοποιίας
2540 3608 2775 3689 ἱκανοὶ,
2821 3598 2927 3674 οὐκ

810 3795 858 3857 1)
893 3788 1266 3858 Westphalius
1292 3789 1512 3859 scripsit
1534 3796 1944 3865 μετροποιιῶν,
1981 3808 2086 3862 quo
2112 3808 2250 3863 opus
2282 3809 2391 3849 non
2417 3796 2514 3848 est.
2579 3793 2748 3850 Immo
2768 3797 2923 3862 μελο·

643 3876 806 3931 ποιία
845 3879 900 3929 et
923 3873 1274 3947 ῥυθμοποιία
1311 3874 1398 3930 hic
1434 3876 1510 3929 ita
1545 3876 1760 3932 differre
1795 3877 2059 3944 videntur,
2097 3877 2541 3947 quemadmodum
2577 3874 2750 3948 μέλος
2772 3874 2919 3947 ἕμμε·

642 3978 785 4028 τρον
809 3964 862 4013 et
885 3953 1109 4033 ῥυθμὸς
1132 3959 1388 4025 (Aristox.
1410 3962 1554 4030 apud
1574 3962 1796 4031 Quintil.
1817 3963 1843 4017 I
1867 3968 1946 4029 10,
1967 3968 2068 4030 22),
2093 3982 2335 4037 μουσικη
2356 3965 2411 4018 et
2429 3959 2675 4038 ῥυθμικὴ
2694 3963 2920 4032 (Dionys.

644 4045 709 4100 de
734 4060 909 4114 comp.
935 4044 1080 4100 verb.
1109 4060 1155 4100 c.
1188 4049 1272 4113 1¹3
1313 4046 1383 4099 of.
1411 4044 1548 4101 Mar.
1573 4045 1717 4101 vict.
1742 4063 1797 4117 p.
1826 4052 1929 4113 39).
2004 4049 2198 4116 Μέλος
2240 4049 2406 4119 igitur
2450 4049 2540 4104 hic
2585 4065 2694 4105 non
2738 4048 2921 4104 dicitur

643 4128 963 4198 compositio
988 4129 1319 4199 harmonica,
1355 4146 1537 4185 verum
1560 4133 1703 4188 idem
1729 4133 1871 4202 quod
1897 4136 2087 4191 τελεία
2114 4128 2228 4210 φ’ὁή
2254 4134 2497 4202 (Aristid.
2523 4153 2578 4206 p.
2606 4140 2688 4202 48,
2719 4138 2776 4189 16
2800 4133 2918 4199 W.).
