3177 4960
546 372 551 379 ·
640 346 764 406 230
1598 345 1753 414 Hugo
1788 344 1979 399 Jusatz

538 516 539 519 ’
640 527 738 587 est
795 520 860 584 in
906 519 1314 585 rationalium
1376 518 1644 584 duorum
1702 518 2187 584 intervallorum
2233 516 2639 599 discrimine,
2702 517 2817 584 sed
2863 539 2948 584 an

637 628 936 690 accurate
979 621 1229 705 percipi
1272 621 1479 704 possit
1522 639 1744 704 necne,
1789 640 1918 686 non
1962 619 2189 702 refert3
2248 611 2491 702 ἄλογον
2548 638 2708 687 vero
2754 621 2945 686 inter·

638 725 880 791 vallum
927 742 1054 788 non
1084 728 1298 807 potest
1324 721 1596 788 definiri.
1671 724 1897 806 Itaque
1928 740 2117 787 omne
2149 713 2408 805 ἄλογον,
2460 723 2712 789 scilicet
2740 723 2947 806 quod-

638 845 890 909 cunque
936 825 1234 891 statuitur
1277 826 1489 892 inesse
1536 826 1601 890 in
1633 825 1990 909 parallage,
2037 830 2136 890 est
2167 815 2616 910 ἆμελῴὸητον,
2664 824 2782 891 sed
2819 845 2948 891 non

639 927 915 1013 quodvis
964 917 1393 1013 ἆμελῴδητον
1439 933 1537 994 est
1581 919 1843 1009 ἄλογον.
1932 926 2355 992 Aristoxenus
2387 932 2608 992 autem
2641 928 2948 1010 quemad-

636 1030 898 1096 modum
944 1029 1202 1112 saepius
1249 1026 1358 1111 (cf.
1388 1050 1451 1113 p.
1486 1031 1610 1093 203
1642 1027 1838 1111 adn.),
1884 1030 1976 1093 ita
2006 1027 2173 1095 hanc
2202 1048 2460 1112 quoque
2506 1027 2945 1095 definitionem

636 1135 730 1199 ita
774 1132 1195 1215 comparavit,
1243 1137 1313 1196 ut
1342 1132 1671 1197 notionem
1716 1125 2150 1197 definiendam
2194 1151 2320 1196 non
2366 1131 2515 1197 aliis
2562 1131 2782 1197 verbis
2828 1133 2947 1197 cir-

637 1235 1111 1315 cumscriberet,
1156 1233 1273 1300 sed
1306 1253 1431 1316 quo
1463 1234 1832 1318 pertineret,
1877 1234 2410 1317 pronuntiaretur.
2488 1233 2719 1316 Neque
2749 1234 2948 1317 igitur

637 1337 923 1418 dubium,
971 1336 1124 1418 quin
1156 1334 1443 1401 definitio
1489 1336 1606 1401 illa
1647 1342 1821 1402 recte
1866 1356 1937 1403 se
1968 1336 2221 1401 habeat.

806 1438 1023 1520 Atque
1067 1437 1245 1503 aliud
1292 1443 1391 1504 est
1434 1439 1875 1518 intervallum,
1939 1440 2233 1521 quamvis
2288 1443 2480 1504 antea
2522 1439 2806 1505 numeris
2851 1437 2948 1503 di·

636 1543 831 1625 xeris,
877 1548 1093 1608 tamen
1137 1540 1622 1620 irrationalibus
1665 1539 2054 1623 adscribere,
2102 1561 2246 1606 cum
2292 1541 2429 1607 eius
2474 1541 2754 1624 spatium
2797 1561 2841 1607 a
2881 1548 2948 1606 te

637 1643 939 1710 distincte
970 1643 1220 1727 percipi
1249 1661 1445 1726 posse
1478 1661 1711 1726 neges3
1758 1642 1936 1708 aliud
1968 1662 2143 1724 vero,
2188 1642 2552 1725 intervallo,
2588 1662 2732 1709 cum
2760 1662 2947 1709 accu-

633 1753 772 1812 rate
801 1747 1137 1830 percipere
1169 1751 1232 1810 te
1263 1763 1454 1828 posse
1484 1764 1705 1828 neges,
1751 1751 1961 1812 tamen
1993 1763 2289 1810 numeros
2320 1745 2604 1811 tribuere
2635 1745 2946 1811 numeris-

634 1868 758 1933 que
802 1846 1103 1931 definire,
1163 1846 1337 1929 quod
1383 1848 1645 1913 auribus
1705 1846 1955 1913 definiri
2015 1866 2208 1929 posse
2264 1848 2533 1929 negasti.
2625 1847 2799 1913 Illud
2844 1867 2948 1913 me

634 1950 848 2017 iudice
905 1952 1060 2016 fecit
1115 1950 1572 2032 Aristoxenus,
1633 1950 1757 2016 hoc
1817 1970 1963 2016 eum
2009 1950 2402 2016 commisisse
2446 1951 2644 2019 aiunt.
2703 1951 2817 2035 qui
2865 1950 2948 2016 de

633 2052 1124 2117 irrationalitate
1146 2050 1362 2117 adhuc
1385 2053 1719 2136 scripsere,
1745 2072 1887 2118 cum
1910 2051 1998 2119 ad
2018 2052 2344 2117 notionem
2368 2057 2742 2135 provocent,
2775 2071 2946 2136 quae

634 2154 809 2220 dieta
867 2159 965 2221 est
1020 2149 1096 2216 τὸ
1156 2149 1325 2217 κατὰ
1385 2149 1540 2228 τοὺς
1597 2154 1728 2216 τῶν
1787 2145 2102 2235 ἀριθμῶν
2167 2150 2373 2234 μόνον
2429 2150 2664 2237 λόγους
2722 2152 2945 2240 ῥητόν.

634 2257 720 2322 At
749 2255 1317 2322 demonstrandum
1352 2263 1468 2338 est,
1515 2256 1797 2321 virorum
1844 2255 2175 2322 doctorum
2208 2257 2590 2322 sententiam
2634 2276 2755 2323 nec
2801 2277 2949 2323 cum

633 2361 938 2425 universa
981 2358 1354 2425 Aristoxeni
1397 2358 1647 2424 ratione
1690 2364 1886 2441 atque
1930 2358 2151 2424 indole
2196 2359 2573 2441 convenire,
2621 2378 2839 2442 neque
2883 2360 2949 2423 in

631 2463 834 2530 verba
877 2462 1021 2547 ipsa
1066 2461 1401 2544 quadrare.

803 2566 900 2631 Ac
941 2565 1218 2649 primum
1265 2563 1525 2647 quidem
1558 2564 1944 2646 quaerimus,
1991 2563 2510 2647 quondoquidem
2541 2565 2758 2647 spatia
2786 2565 2947 2630 irra-

632 2669 902 2734 tionalia
945 2667 1207 2731 auribus
1251 2672 1549 2732 accurate
1595 2665 1842 2749 percipi
1888 2685 2015 2730 non
2059 2685 2253 2749 posse
2298 2672 2580 2747 constat,
2630 2686 2759 2749 quo
2806 2672 2947 2732 tan-

632 2770 779 2834 dem
825 2768 1017 2834 modo
1050 2769 1145 2833 eis
1175 2768 1451 2833 inveniri
1481 2768 1809 2852 potuerint
1837 2770 2082 2834 numeri
2121 2769 2278 2834 certi
2311 2768 2594 2851 quidam,
2644 2788 2771 2851 quo
2806 2770 2946 2835 iure

630 2868 940 2935 attribui?
1014 2870 1226 2951 Atque
1286 2869 1455 2952 quod
1513 2869 1599 2934 ad
1659 2868 2096 2936 harmonicam
2154 2871 2415 2953 attinet,
2478 2872 2533 2937 si
2596 2871 2948 2936 intervalla

632 2972 1029 3037 irrationalia
1072 2991 1476 3038 numerorum
1520 2973 2041 3057 proportionibus
2087 2972 2339 3039 definiri
2384 2975 2704 3040 voluisset
2747 2974 2970 3039 musi:

631 3094 774 3156 cue,
832 3093 1041 3139 nonne
1087 3074 1432 3141 obfecisset
1475 3075 1816 3142 universae
1861 3075 2191 3142 doctrinae
2236 3094 2425 3158 suae,
2473 3095 2602 3159 qua
2644 3094 2946 3142 numero·

630 3197 771 3242 rum
816 3176 1264 3261 proportiones
1309 3178 1375 3242 in
1421 3177 1783 3244 intervallis
1828 3176 2211 3244 definiendis
2255 3184 2637 3263 aspernatus
2682 3185 2817 3264 est,
2880 3181 2945 3245 in

630 3281 877 3346 aurium
923 3279 1164 3346 iudicio
1210 3281 1348 3346 solo
1380 3279 1712 3346 doctrinae
1752 3281 2168 3347 fundamenta
2207 3280 2472 3362 posuit?
2545 3282 2725 3348 Dicit
2769 3284 2945 3348 enim

631 3384 712 3446 el.
746 3380 948 3447 barm.
981 3402 1042 3464 p.
1078 3385 1181 3464 46,
1215 3385 1297 3445 24
1328 3401 1464 3465 sqq.
1496 3381 1674 3464 qu.
1733 3381 1817 3448 de
1874 3381 2329 3465 Pythagoreis:
2392 3375 2483 3457 ὡς
2543 3378 2730 3463 ἔτυχε
2792 3382 2946 3449 διά-

632 3504 850 3567 στημα
880 3486 1175 3562 τιθέασι,
1221 3481 1339 3566 τὴν
1368 3483 1488 3565 μὲν
1516 3481 1843 3569 αἴσθησιν
1875 3482 2292 3564 ἐκκλίνοντες,
2342 3481 2585 3570 νοητὰς
2631 3483 2704 3550 δὲ
2736 3509 2944 3550 κοιτα-

632 3582 1053 3662 σκευάζοντες
1099 3583 1320 3661 αἰτίας
1348 3587 1459 3651 καὶ
1493 3583 1864 3672 φάσκοντες
1896 3584 2169 3670 λόγους
2198 3590 2280 3650 τέ
2310 3610 2526 3663 τινας
2574 3579 2944 3673 ἀριθμῶν

632 3681 804 3751 εἶναι
849 3689 958 3751 καὶ
1003 3684 1169 3771 τάχη
1214 3684 1389 3769 πρὸς
1421 3683 1694 3773 ἄλληλα,
1743 3684 1810 3753 ἐν
1843 3686 1944 3764 οἷς
1985 3686 2062 3753 τό
2095 3712 2169 3754 τε
2200 3680 2316 3766 ὀξὺ
2360 3690 2472 3754 καὶ
2501 3687 2675 3772 βαρὺ
2723 3696 2944 3776 γίγνε-

629 3813 760 3867 ται,
808 3786 1082 3853 πάντων
1114 3781 1690 3871 ἀλλοτριωτάτους
1722 3789 1956 3875 λόγους
1987 3789 2354 3877 φάσκοντες
2384 3793 2495 3856 καὶ
2529 3787 2943 3859 ἐναντιωτά-

629 3913 784 3966 τους
826 3902 969 3966 τοῖς
1015 3894 1466 3975 φαινομένοις.
1544 3891 1727 3972 Quae
1770 3894 1827 3959 si
1855 3901 2028 3960 recte
2058 3894 2387 3977 intellego,
2431 3901 2692 3978 praeter
2725 3897 2943 3964 diver-

628 4014 765 4062 sam
812 3993 895 4059 de
941 4012 1237 4060 sonorum
1289 3999 1352 4058 et
1380 3995 1864 4061 intervallorum
1909 4002 2137 4062 natura
2168 3996 2548 4063 sententiam
2577 3996 2649 4062 id
2678 4000 2942 4081 potissi·

627 4118 797 4163 mum
846 4102 984 4163 erat
1028 4115 1282 4178 causae,
1332 4116 1443 4163 cur
1473 4099 1922 4165 canonicorum
1968 4100 2249 4166 rationes
2285 4101 2712 4184 impugnaret,
2763 4101 2942 4185 quod
