<?xml version="1.0" encoding="UTF-8"?>
<!DOCTYPE html PUBLIC "-//W3C//DTD XHTML 1.0 Transitional//EN"
    "http://www.w3.org/TR/xhtml1/DTD/xhtml1-transitional.dtd">
<html xmlns="http://www.w3.org/1999/xhtml" xml:lang="en" lang="en">
 <head>
  <title>
</title>
<meta http-equiv="Content-Type" content="text/html;charset=utf-8" />
  <meta name='ocr-system' content='tesseract 3.04.00' />
  <meta name='ocr-capabilities' content='ocr_page ocr_carea ocr_par ocr_line ocrx_word'/>
</head>
<body>
  <div class='ocr_page' id='page_1' title='image "./deirrationalita00jusagoog_0057.png"; bbox 0 0 3177 4960; ppageno 0'>
   <div class='ocr_carea' id='block_1_1' title="bbox 863 334 2569 406">
    <p class='ocr_par' dir='ltr' id='par_1_1' title="bbox 863 334 2569 406">
     <span class='ocr_line' id='line_1_1' title="bbox 863 334 2569 406; baseline 0.004 -18"><span class='ocrx_word' id='word_1_1' title='bbox 863 334 947 389; x_wconf 91' lang='lat' dir='ltr'>De</span> <span class='ocrx_word' id='word_1_2' title='bbox 980 335 1393 390; x_wconf 71' lang='lat' dir='ltr'>irrationalitate</span> <span class='ocrx_word' id='word_1_3' title='bbox 1427 335 1609 390; x_wconf 86' lang='lat' dir='ltr'>studia</span> <span class='ocrx_word' id='word_1_4' title='bbox 1642 336 1963 406; x_wconf 86' lang='lat' dir='ltr'>rhythmica.</span> <span class='ocrx_word' id='word_1_5' title='bbox 2446 338 2569 395; x_wconf 83' lang='lat'>219</span> 
     </span>
    </p>
   </div>
   <div class='ocr_carea' id='block_1_2' title="bbox 246 507 2586 4185">
    <p class='ocr_par' dir='ltr' id='par_1_2' title="bbox 246 507 2573 1105">
     <span class='ocr_line' id='line_1_2' title="bbox 248 507 2570 594; baseline 0 -18"><span class='ocrx_word' id='word_1_6' title='bbox 248 510 621 576; x_wconf 78' lang='lat' dir='ltr'>continetur</span> <span class='ocrx_word' id='word_1_7' title='bbox 664 507 915 575; x_wconf 88' lang='lat' dir='ltr'>duobus</span> <span class='ocrx_word' id='word_1_8' title='bbox 960 508 1247 573; x_wconf 89' lang='lat' dir='ltr'>terminis</span> <span class='ocrx_word' id='word_1_9' title='bbox 1268 558 1284 589; x_wconf 92' lang='lat'>,</span> <span class='ocrx_word' id='word_1_10' title='bbox 1330 508 1536 591; x_wconf 90' lang='lat' dir='ltr'>sonis,</span> <span class='ocrx_word' id='word_1_11' title='bbox 1594 508 1687 573; x_wconf 89' lang='lat' dir='ltr'>ita</span> <span class='ocrx_word' id='word_1_12' title='bbox 1732 515 2090 591; x_wconf 90' lang='lat' dir='ltr'>temporum</span> <span class='ocrx_word' id='word_1_13' title='bbox 2136 530 2391 594; x_wconf 91' lang='lat' dir='ltr'>quoque</span> <span class='ocrx_word' id='word_1_14' title='bbox 2438 532 2570 578; x_wconf 90' lang='lat' dir='ltr'>om-</span> 
     </span>
     <span class='ocr_line' id='line_1_3' title="bbox 247 600 2570 696; baseline 0.002 -20"><span class='ocrx_word' id='word_1_15' title='bbox 247 613 433 677; x_wconf 91' lang='lat' dir='ltr'>nium</span> <span class='ocrx_word' id='word_1_16' title='bbox 478 631 557 677; x_wconf 91' lang='lat' dir='ltr'>ac</span> <span class='ocrx_word' id='word_1_17' title='bbox 585 610 827 694; x_wconf 84' lang='lat' dir='ltr'>pedum</span> <span class='ocrx_word' id='word_1_18' title='bbox 874 612 1087 694; x_wconf 88' lang='lat' dir='ltr'>spatia</span> <span class='ocrx_word' id='word_1_19' title='bbox 1125 609 1533 676; x_wconf 88' lang='lat' dir='ltr'>includuntur</span> <span class='ocrx_word' id='word_1_20' title='bbox 1577 611 1865 676; x_wconf 85' lang='lat' dir='ltr'>terminis</span> <span class='ocrx_word' id='word_1_21' title='bbox 1911 600 2163 694; x_wconf 77' lang='grc' dir='ltr'><strong><em>(ὅροις),</em></strong></span> <span class='ocrx_word' id='word_1_22' title='bbox 2211 614 2321 696; x_wconf 91' lang='lat' dir='ltr'>qui</span> <span class='ocrx_word' id='word_1_23' title='bbox 2350 613 2570 681; x_wconf 85' lang='lat' dir='ltr'>dicun-</span> 
     </span>
     <span class='ocr_line' id='line_1_4' title="bbox 246 707 2569 801; baseline 0.001 -23"><span class='ocrx_word' id='word_1_24' title='bbox 246 722 357 779; x_wconf 89' lang='lat' dir='ltr'>tur</span> <span class='ocrx_word' id='word_1_25' title='bbox 399 710 808 796; x_wconf 81' lang='grc' dir='ltr'><em>μεταβάσεις</em></span> <span class='ocrx_word' id='word_1_26' title='bbox 851 713 1070 792; x_wconf 89' lang='lat' dir='ltr'>(Psell.</span> <span class='ocrx_word' id='word_1_27' title='bbox 1101 716 1140 791; x_wconf 65' lang='grc' dir='ltr'><strong>ξ</strong></span> <span class='ocrx_word' id='word_1_28' title='bbox 1171 716 1230 798; x_wconf 85' lang='lat'>6,</span> <span class='ocrx_word' id='word_1_29' title='bbox 1276 733 1339 797; x_wconf 89' lang='lat' dir='ltr'>p.</span> <span class='ocrx_word' id='word_1_30' title='bbox 1375 717 1476 795; x_wconf 84' lang='lat'>75,</span> <span class='ocrx_word' id='word_1_31' title='bbox 1510 717 1592 778; x_wconf 85' lang='lat'>25</span> <span class='ocrx_word' id='word_1_32' title='bbox 1620 713 1749 779; x_wconf 82' lang='lat' dir='ltr'>W.:</span> <span class='ocrx_word' id='word_1_33' title='bbox 1797 709 1864 775; x_wconf 80' lang='grc' dir='ltr'><strong><em>οἱ</em></strong></span> <span class='ocrx_word' id='word_1_34' title='bbox 1910 709 1982 776; x_wconf 81' lang='grc' dir='ltr'>δὲ</span> <span class='ocrx_word' id='word_1_35' title='bbox 2026 707 2162 778; x_wconf 76' lang='grc' dir='ltr'>ὑπὸ</span> <span class='ocrx_word' id='word_1_36' title='bbox 2210 717 2345 780; x_wconf 73' lang='grc' dir='ltr'>τῶν</span> <span class='ocrx_word' id='word_1_37' title='bbox 2387 715 2569 801; x_wconf 83' lang='grc' dir='ltr'><strong><em>κινή-</em></strong></span> 
     </span>
     <span class='ocr_line' id='line_1_5' title="bbox 249 809 2572 904; baseline 0.001 -24"><span class='ocrx_word' id='word_1_38' title='bbox 249 837 429 880; x_wconf 83' lang='grc' dir='ltr'><strong><em>σεων</em></strong></span> <span class='ocrx_word' id='word_1_39' title='bbox 490 812 942 897; x_wconf 75' lang='grc' dir='ltr'><strong><em>(κατεχόμενοι</em></strong></span> <span class='ocrx_word' id='word_1_40' title='bbox 990 813 1248 899; x_wconf 92' lang='grc' dir='ltr'><strong><em>χρόνοι)</em></strong></span> <span class='ocrx_word' id='word_1_41' title='bbox 1316 809 1647 900; x_wconf 71' lang='grc' dir='ltr'><strong><em>ἄγνωστοι</em></strong></span> <span class='ocrx_word' id='word_1_42' title='bbox 1706 815 1819 882; x_wconf 81' lang='grc' dir='ltr'>διὰ</span> <span class='ocrx_word' id='word_1_43' title='bbox 1877 816 2284 904; x_wconf 83' lang='grc' dir='ltr'><strong><em>σμικρότητα</em></strong></span> <span class='ocrx_word' id='word_1_44' title='bbox 2343 809 2572 903; x_wconf 80' lang='grc' dir='ltr'><strong><em>ὥσπερ</em></strong></span> 
     </span>
     <span class='ocr_line' id='line_1_6' title="bbox 248 911 2573 1007; baseline 0.002 -24"><span class='ocrx_word' id='word_1_45' title='bbox 248 915 291 983; x_wconf 91' lang='lat'>0&#39;</span> <span class='ocrx_word' id='word_1_46' title='bbox 306 942 450 1003; x_wconf 89' lang='grc' dir='ltr'><strong><em>ροι</em></strong></span> <span class='ocrx_word' id='word_1_47' title='bbox 492 917 669 995; x_wconf 84' lang='grc' dir='ltr'><strong><em>τινὲς</em></strong></span> <span class='ocrx_word' id='word_1_48' title='bbox 698 911 888 995; x_wconf 80' lang='grc' dir='ltr'><strong><em>ὄντες</em></strong></span> <span class='ocrx_word' id='word_1_49' title='bbox 930 919 1064 982; x_wconf 74' lang='grc' dir='ltr'>τιῖν</span> <span class='ocrx_word' id='word_1_50' title='bbox 1095 912 1231 983; x_wconf 72' lang='grc' dir='ltr'>ὑπὸ</span> <span class='ocrx_word' id='word_1_51' title='bbox 1281 919 1414 984; x_wconf 80' lang='grc' dir='ltr'>τῶν</span> <span class='ocrx_word' id='word_1_52' title='bbox 1449 911 1745 1007; x_wconf 81' lang='grc' dir='ltr'><strong><em>ἠρεμιιῦν</em></strong></span> <span class='ocrx_word' id='word_1_53' title='bbox 1789 925 2246 1004; x_wconf 82' lang='grc' dir='ltr'><strong><em>κατεχομένων</em></strong></span> <span class='ocrx_word' id='word_1_54' title='bbox 2270 919 2573 1006; x_wconf 85' lang='grc' dir='ltr'><strong><em>χρόνων).</em></strong></span> 
     </span>
     <span class='ocr_line' id='line_1_7' title="bbox 247 1014 2317 1105; baseline 0.002 -18"><span class='ocrx_word' id='word_1_55' title='bbox 247 1022 484 1105; x_wconf 86' lang='lat' dir='ltr'>Itaque</span> <span class='ocrx_word' id='word_1_56' title='bbox 530 1023 826 1105; x_wconf 87' lang='lat' dir='ltr'>quemvis</span> <span class='ocrx_word' id='word_1_57' title='bbox 870 1022 1103 1105; x_wconf 89' lang='lat' dir='ltr'>pedem</span> <span class='ocrx_word' id='word_1_58' title='bbox 1147 1014 1518 1104; x_wconf 76' lang='grc' dir='ltr'><strong><em>ὡρισμένον</em></strong></span> <span class='ocrx_word' id='word_1_59' title='bbox 1562 1043 1705 1091; x_wconf 88' lang='lat' dir='ltr'>esse</span> <span class='ocrx_word' id='word_1_60' title='bbox 1750 1025 1967 1092; x_wconf 87' lang='lat' dir='ltr'>dicere</span> <span class='ocrx_word' id='word_1_61' title='bbox 2012 1028 2075 1092; x_wconf 91' lang='lat' dir='ltr'>ei</span> <span class='ocrx_word' id='word_1_62' title='bbox 2116 1026 2317 1093; x_wconf 89' lang='lat' dir='ltr'>licuit.</span> 
     </span>
    </p>

    <p class='ocr_par' dir='ltr' id='par_1_3' title="bbox 246 1115 2586 4185">
     <span class='ocr_line' id='line_1_8' title="bbox 429 1115 2572 1213; baseline 0.003 -23"><span class='ocrx_word' id='word_1_63' title='bbox 429 1123 500 1190; x_wconf 88' lang='lat' dir='ltr'>Si</span> <span class='ocrx_word' id='word_1_64' title='bbox 546 1130 761 1190; x_wconf 90' lang='lat' dir='ltr'>autem</span> <span class='ocrx_word' id='word_1_65' title='bbox 821 1115 1106 1208; x_wconf 83' lang='grc' dir='ltr'><strong><em>ὥρισται</em></strong></span> <span class='ocrx_word' id='word_1_66' title='bbox 1164 1124 1247 1190; x_wconf 92' lang='lat' dir='ltr'>de</span> <span class='ocrx_word' id='word_1_67' title='bbox 1308 1125 1494 1208; x_wconf 87' lang='lat' dir='ltr'>pedis</span> <span class='ocrx_word' id='word_1_68' title='bbox 1551 1128 1763 1208; x_wconf 89' lang='lat' dir='ltr'>spatio</span> <span class='ocrx_word' id='word_1_69' title='bbox 1822 1129 2122 1195; x_wconf 87' lang='lat' dir='ltr'>universo</span> <span class='ocrx_word' id='word_1_70' title='bbox 2167 1128 2408 1194; x_wconf 86' lang='lat' dir='ltr'>dictum</span> <span class='ocrx_word' id='word_1_71' title='bbox 2457 1136 2572 1213; x_wconf 90' lang='lat' dir='ltr'>est,</span> 
     </span>
     <span class='ocr_line' id='line_1_9' title="bbox 248 1217 2572 1313; baseline 0.002 -24"><span class='ocrx_word' id='word_1_72' title='bbox 248 1223 457 1309; x_wconf 87' lang='grc' dir='ltr'><strong><em>λόγον</em></strong></span> <span class='ocrx_word' id='word_1_73' title='bbox 489 1233 554 1292; x_wconf 91' lang='lat' dir='ltr'>et</span> <span class='ocrx_word' id='word_1_74' title='bbox 584 1217 864 1309; x_wconf 75' lang='grc' dir='ltr'><strong><em>ἀλογίαν</em></strong></span> <span class='ocrx_word' id='word_1_75' title='bbox 896 1225 1125 1292; x_wconf 89' lang='lat' dir='ltr'>eodem</span> <span class='ocrx_word' id='word_1_76' title='bbox 1156 1227 1479 1308; x_wconf 90' lang='lat' dir='ltr'>pertinere</span> <span class='ocrx_word' id='word_1_77' title='bbox 1510 1247 1630 1309; x_wconf 91' lang='lat' dir='ltr'>par</span> <span class='ocrx_word' id='word_1_78' title='bbox 1660 1234 1774 1293; x_wconf 90' lang='lat' dir='ltr'>est.</span> <span class='ocrx_word' id='word_1_79' title='bbox 1863 1229 2063 1311; x_wconf 85' lang='lat' dir='ltr'>Atqui</span> <span class='ocrx_word' id='word_1_80' title='bbox 2093 1236 2223 1295; x_wconf 89' lang='lat' dir='ltr'>tam</span> <span class='ocrx_word' id='word_1_81' title='bbox 2256 1229 2320 1293; x_wconf 91' lang='lat' dir='ltr'>in</span> <span class='ocrx_word' id='word_1_82' title='bbox 2351 1229 2572 1313; x_wconf 91' lang='lat' dir='ltr'>rhyth-</span> 
     </span>
     <span class='ocr_line' id='line_1_10' title="bbox 248 1321 2575 1414; baseline 0.002 -21"><span class='ocrx_word' id='word_1_83' title='bbox 248 1329 429 1395; x_wconf 91' lang='lat' dir='ltr'>mica</span> <span class='ocrx_word' id='word_1_84' title='bbox 458 1329 970 1395; x_wconf 82' lang='lat' dir='ltr'>irrationalitatis</span> <span class='ocrx_word' id='word_1_85' title='bbox 1001 1327 1377 1394; x_wconf 86' lang='lat' dir='ltr'>definitione</span> <span class='ocrx_word' id='word_1_86' title='bbox 1410 1330 1733 1395; x_wconf 84' lang='lat' dir='ltr'>invenitur</span> <span class='ocrx_word' id='word_1_87' title='bbox 1771 1329 1935 1396; x_wconf 88' lang='lat' dir='ltr'>illud</span> <span class='ocrx_word' id='word_1_88' title='bbox 1965 1321 2250 1414; x_wconf 76' lang='grc' dir='ltr'><strong><em>ὥρισται</em></strong></span> <span class='ocrx_word' id='word_1_89' title='bbox 2281 1350 2476 1413; x_wconf 89' lang='lat' dir='ltr'>quam</span> <span class='ocrx_word' id='word_1_90' title='bbox 2507 1333 2575 1397; x_wconf 92' lang='lat' dir='ltr'>in</span> 
     </span>
     <span class='ocr_line' id='line_1_11' title="bbox 250 1429 2573 1517; baseline 0 -21"><span class='ocrx_word' id='word_1_91' title='bbox 250 1431 635 1497; x_wconf 89' lang='lat' dir='ltr'>harmonica</span> <span class='ocrx_word' id='word_1_92' title='bbox 669 1437 1088 1514; x_wconf 80' lang='lat' dir='ltr'>systematum</span> <span class='ocrx_word' id='word_1_93' title='bbox 1135 1429 1530 1513; x_wconf 87' lang='lat' dir='ltr'>definitione,</span> <span class='ocrx_word' id='word_1_94' title='bbox 1576 1452 1771 1515; x_wconf 90' lang='lat' dir='ltr'>quam</span> <span class='ocrx_word' id='word_1_95' title='bbox 1803 1452 1999 1517; x_wconf 90' lang='lat' dir='ltr'>supra</span> <span class='ocrx_word' id='word_1_96' title='bbox 2041 1436 2128 1517; x_wconf 90' lang='lat' dir='ltr'>(p.</span> <span class='ocrx_word' id='word_1_97' title='bbox 2162 1434 2312 1509; x_wconf 83' lang='lat'>214)</span> <span class='ocrx_word' id='word_1_98' title='bbox 2360 1434 2573 1499; x_wconf 88' lang='lat' dir='ltr'>attuli-</span> 
     </span>
     <span class='ocr_line' id='line_1_12' title="bbox 248 1532 2574 1617; baseline 0.001 -18"><span class='ocrx_word' id='word_1_99' title='bbox 248 1550 421 1617; x_wconf 88' lang='lat' dir='ltr'>mus,</span> <span class='ocrx_word' id='word_1_100' title='bbox 467 1552 634 1617; x_wconf 88' lang='lat' dir='ltr'>quae</span> <span class='ocrx_word' id='word_1_101' title='bbox 678 1552 782 1600; x_wconf 89' lang='lat' dir='ltr'>res</span> <span class='ocrx_word' id='word_1_102' title='bbox 812 1532 1196 1600; x_wconf 88' lang='lat' dir='ltr'>documento</span> <span class='ocrx_word' id='word_1_103' title='bbox 1244 1540 1341 1600; x_wconf 90' lang='lat' dir='ltr'>est</span> <span class='ocrx_word' id='word_1_104' title='bbox 1376 1541 1715 1617; x_wconf 89' lang='lat' dir='ltr'>utramque</span> <span class='ocrx_word' id='word_1_105' title='bbox 1746 1534 2184 1602; x_wconf 88' lang='lat' dir='ltr'>definitionem</span> <span class='ocrx_word' id='word_1_106' title='bbox 2232 1555 2312 1601; x_wconf 84' lang='lat' dir='ltr'>ex</span> <span class='ocrx_word' id='word_1_107' title='bbox 2346 1536 2574 1602; x_wconf 87' lang='lat' dir='ltr'>eadem</span> 
     </span>
     <span class='ocr_line' id='line_1_13' title="bbox 247 1636 2573 1720; baseline 0 -18"><span class='ocrx_word' id='word_1_108' title='bbox 247 1637 506 1703; x_wconf 88' lang='lat' dir='ltr'>ratione</span> <span class='ocrx_word' id='word_1_109' title='bbox 550 1636 902 1719; x_wconf 90' lang='lat' dir='ltr'>profectam</span> <span class='ocrx_word' id='word_1_110' title='bbox 963 1636 1320 1719; x_wconf 87' lang='lat' dir='ltr'>eodemque</span> <span class='ocrx_word' id='word_1_111' title='bbox 1367 1636 1561 1703; x_wconf 90' lang='lat' dir='ltr'>modo</span> <span class='ocrx_word' id='word_1_112' title='bbox 1608 1637 2109 1720; x_wconf 86' lang='lat' dir='ltr'>intellegendam</span> <span class='ocrx_word' id='word_1_113' title='bbox 2159 1657 2319 1703; x_wconf 92' lang='lat' dir='ltr'>esse.</span> <span class='ocrx_word' id='word_1_114' title='bbox 2411 1637 2573 1704; x_wconf 87' lang='lat' dir='ltr'>Gon-</span> 
     </span>
     <span class='ocr_line' id='line_1_14' title="bbox 252 1737 2573 1824; baseline 0 -18"><span class='ocrx_word' id='word_1_115' title='bbox 252 1740 534 1806; x_wconf 88' lang='lat' dir='ltr'>cinnitas</span> <span class='ocrx_word' id='word_1_116' title='bbox 562 1745 779 1805; x_wconf 91' lang='lat' dir='ltr'>autem</span> <span class='ocrx_word' id='word_1_117' title='bbox 817 1737 1258 1805; x_wconf 87' lang='lat' dir='ltr'>definitionum</span> <span class='ocrx_word' id='word_1_118' title='bbox 1294 1739 1526 1805; x_wconf 89' lang='lat' dir='ltr'>clarior</span> <span class='ocrx_word' id='word_1_119' title='bbox 1570 1741 1766 1805; x_wconf 91' lang='lat' dir='ltr'>etiam</span> <span class='ocrx_word' id='word_1_120' title='bbox 1814 1741 1936 1805; x_wconf 91' lang='lat' dir='ltr'>erit</span> <span class='ocrx_word' id='word_1_121' title='bbox 1964 1745 2159 1823; x_wconf 90' lang='lat' dir='ltr'>atque</span> <span class='ocrx_word' id='word_1_122' title='bbox 2191 1740 2573 1824; x_wconf 87' lang='lat' dir='ltr'>evidentior,</span> 
     </span>
     <span class='ocr_line' id='line_1_15' title="bbox 248 1832 2575 1927; baseline 0 -18"><span class='ocrx_word' id='word_1_123' title='bbox 248 1845 312 1909; x_wconf 92' lang='lat' dir='ltr'>si</span> <span class='ocrx_word' id='word_1_124' title='bbox 362 1842 515 1926; x_wconf 88' lang='lat' dir='ltr'>quid</span> <span class='ocrx_word' id='word_1_125' title='bbox 560 1842 739 1908; x_wconf 87' lang='lat' dir='ltr'>aliud</span> <span class='ocrx_word' id='word_1_126' title='bbox 784 1863 901 1926; x_wconf 90' lang='lat' dir='ltr'>pro</span> <span class='ocrx_word' id='word_1_127' title='bbox 948 1838 1122 1926; x_wconf 77' lang='grc' dir='ltr'><strong><em>λόγῳ</em></strong></span> <span class='ocrx_word' id='word_1_128' title='bbox 1168 1847 1234 1908; x_wconf 90' lang='lat' dir='ltr'>et</span> <span class='ocrx_word' id='word_1_129' title='bbox 1264 1832 1505 1927; x_wconf 80' lang='grc' dir='ltr'><strong><em>ἀλογίᾳ</em></strong></span> <span class='ocrx_word' id='word_1_130' title='bbox 1535 1843 2070 1910; x_wconf 88' lang='lat' dir='ltr'>substituerimus.</span> <span class='ocrx_word' id='word_1_131' title='bbox 2161 1843 2328 1908; x_wconf 86' lang='lat' dir='ltr'>Nam</span> <span class='ocrx_word' id='word_1_132' title='bbox 2362 1844 2430 1908; x_wconf 92' lang='lat' dir='ltr'>in</span> <span class='ocrx_word' id='word_1_133' title='bbox 2464 1842 2575 1910; x_wconf 88' lang='lat' dir='ltr'>de-</span> 
     </span>
     <span class='ocr_line' id='line_1_16' title="bbox 249 1935 2573 2029; baseline 0 -19"><span class='ocrx_word' id='word_1_134' title='bbox 249 1945 546 2011; x_wconf 87' lang='lat' dir='ltr'>finitione</span> <span class='ocrx_word' id='word_1_135' title='bbox 591 1945 832 2029; x_wconf 86' lang='lat' dir='ltr'>pedum</span> <span class='ocrx_word' id='word_1_136' title='bbox 877 1941 1046 2008; x_wconf 82' lang='grc' dir='ltr'><strong><em>κατὰ</em></strong></span> <span class='ocrx_word' id='word_1_137' title='bbox 1090 1947 1279 2027; x_wconf 87' lang='grc' dir='ltr'><strong><em>γένος</em></strong></span> <span class='ocrx_word' id='word_1_138' title='bbox 1315 1944 1749 2011; x_wconf 87' lang='lat' dir='ltr'>differentium</span> <span class='ocrx_word' id='word_1_139' title='bbox 1796 1948 1882 2027; x_wconf 86' lang='lat' dir='ltr'>(p.</span> <span class='ocrx_word' id='word_1_140' title='bbox 1918 1947 2019 2027; x_wconf 83' lang='lat'>35,</span> <span class='ocrx_word' id='word_1_141' title='bbox 2062 1951 2134 2012; x_wconf 88' lang='grc'>19</span> <span class='ocrx_word' id='word_1_142' title='bbox 2161 1945 2290 2010; x_wconf 87' lang='lat' dir='ltr'>W.:</span> <span class='ocrx_word' id='word_1_143' title='bbox 2338 1935 2500 2010; x_wconf 72' lang='grc' dir='ltr'><strong><em>ὅταν</em></strong></span> <span class='ocrx_word' id='word_1_144' title='bbox 2538 1940 2573 2010; x_wconf 83' lang='grc' dir='ltr'><strong><em>ὅ</em></strong></span> 
     </span>
     <span class='ocr_line' id='line_1_17' title="bbox 250 2040 2577 2132; baseline -0 -20"><span class='ocrx_word' id='word_1_145' title='bbox 250 2047 378 2129; x_wconf 79' lang='grc' dir='ltr'>μὲν</span> <span class='ocrx_word' id='word_1_146' title='bbox 408 2044 528 2112; x_wconf 84' lang='grc' dir='ltr'>τὸν</span> <span class='ocrx_word' id='word_1_147' title='bbox 559 2048 677 2111; x_wconf 81' lang='grc' dir='ltr'><strong><em>τοῦ</em></strong></span> <span class='ocrx_word' id='word_1_148' title='bbox 707 2045 858 2111; x_wconf 78' lang='grc' dir='ltr'><strong><em>ἰ’σου</em></strong></span> <span class='ocrx_word' id='word_1_149' title='bbox 908 2044 1150 2130; x_wconf 85' lang='grc' dir='ltr'><strong><em>λόγον</em></strong></span> <span class='ocrx_word' id='word_1_150' title='bbox 1190 2043 1319 2132; x_wconf 74' lang='grc' dir='ltr'><strong><em>ἔχῃ,</em></strong></span> <span class='ocrx_word' id='word_1_151' title='bbox 1367 2040 1401 2111; x_wconf 81' lang='grc' dir='ltr'><em>ὃ</em></span> <span class='ocrx_word' id='word_1_152' title='bbox 1438 2045 1510 2111; x_wconf 81' lang='grc' dir='ltr'>δὲ</span> <span class='ocrx_word' id='word_1_153' title='bbox 1539 2048 1659 2112; x_wconf 86' lang='grc' dir='ltr'><strong><em>τοῦ</em></strong></span> <span class='ocrx_word' id='word_1_154' title='bbox 1692 2045 2152 2126; x_wconf 81' lang='grc' dir='ltr'><strong><em>διπλασίονος,</em></strong></span> <span class='ocrx_word' id='word_1_155' title='bbox 2198 2040 2233 2111; x_wconf 80' lang='grc' dir='ltr'>ὅ</span> <span class='ocrx_word' id='word_1_156' title='bbox 2270 2045 2342 2110; x_wconf 80' lang='grc' dir='ltr'>δὲ</span> <span class='ocrx_word' id='word_1_157' title='bbox 2374 2041 2577 2112; x_wconf 66' lang='grc' dir='ltr'><strong><em>ἄλλον</em></strong></span> 
     </span>
     <span class='ocr_line' id='line_1_18' title="bbox 250 2141 2579 2234; baseline 0.001 -19"><span class='ocrx_word' id='word_1_158' title='bbox 250 2147 408 2217; x_wconf 89' lang='grc' dir='ltr'>τινά</span> <span class='ocrx_word' id='word_1_159' title='bbox 452 2152 585 2214; x_wconf 80' lang='grc' dir='ltr'>τῶν</span> <span class='ocrx_word' id='word_1_160' title='bbox 632 2141 1074 2233; x_wconf 75' lang='grc' dir='ltr'><strong><em>εὐρύθμων</em></strong></span> <span class='ocrx_word' id='word_1_161' title='bbox 1128 2147 1408 2232; x_wconf 91' lang='grc' dir='ltr'><strong><em>χρόνων)</em></strong></span> <span class='ocrx_word' id='word_1_162' title='bbox 1466 2152 1530 2214; x_wconf 90' lang='lat' dir='ltr'>in</span> <span class='ocrx_word' id='word_1_163' title='bbox 1578 2147 1777 2233; x_wconf 84' lang='grc' dir='ltr'><strong><em>λόγου</em></strong></span> <span class='ocrx_word' id='word_1_164' title='bbox 1825 2151 1967 2216; x_wconf 89' lang='lat' dir='ltr'>iura</span> <span class='ocrx_word' id='word_1_165' title='bbox 2008 2157 2233 2234; x_wconf 85' lang='lat' dir='ltr'>aperte</span> <span class='ocrx_word' id='word_1_166' title='bbox 2289 2151 2579 2218; x_wconf 80' lang='lat' dir='ltr'>succedit</span> 
     </span>
     <span class='ocr_line' id='line_1_19' title="bbox 246 2246 2576 2337; baseline 0.001 -19"><span class='ocrx_word' id='word_1_167' title='bbox 246 2251 491 2335; x_wconf 85' lang='grc' dir='ltr'><strong><em>χρόνος</em></strong></span> <span class='ocrx_word' id='word_1_168' title='bbox 523 2246 879 2337; x_wconf 76' lang='grc' dir='ltr'><strong><em>εὔρυθμος.</em></strong></span> <span class='ocrx_word' id='word_1_169' title='bbox 937 2253 1189 2337; x_wconf 80' lang='lat' dir='ltr'>Nempe</span> <span class='ocrx_word' id='word_1_170' title='bbox 1222 2252 1450 2318; x_wconf 88' lang='lat' dir='ltr'>eadem</span> <span class='ocrx_word' id='word_1_171' title='bbox 1483 2271 1585 2319; x_wconf 91' lang='lat' dir='ltr'>res</span> <span class='ocrx_word' id='word_1_172' title='bbox 1609 2254 1722 2319; x_wconf 90' lang='lat' dir='ltr'>illo</span> <span class='ocrx_word' id='word_1_173' title='bbox 1753 2254 2095 2336; x_wconf 90' lang='lat' dir='ltr'>abstracte,</span> <span class='ocrx_word' id='word_1_174' title='bbox 2125 2253 2251 2320; x_wconf 93' lang='lat' dir='ltr'>hoc</span> <span class='ocrx_word' id='word_1_175' title='bbox 2280 2260 2576 2321; x_wconf 90' lang='lat' dir='ltr'>concrete</span> 
     </span>
     <span class='ocr_line' id='line_1_20' title="bbox 251 2354 2576 2440; baseline -0.001 -17"><span class='ocrx_word' id='word_1_176' title='bbox 251 2354 670 2440; x_wconf 84' lang='lat' dir='ltr'>significatur.</span> <span class='ocrx_word' id='word_1_177' title='bbox 746 2355 974 2438; x_wconf 80' lang='lat' dir='ltr'>Neque</span> <span class='ocrx_word' id='word_1_178' title='bbox 1006 2355 1201 2438; x_wconf 84' lang='lat' dir='ltr'>igitur</span> <span class='ocrx_word' id='word_1_179' title='bbox 1230 2356 1314 2420; x_wconf 91' lang='lat' dir='ltr'>ab</span> <span class='ocrx_word' id='word_1_180' title='bbox 1345 2355 1718 2422; x_wconf 84' lang='lat' dir='ltr'>Aristoxeni</span> <span class='ocrx_word' id='word_1_181' title='bbox 1764 2356 2082 2422; x_wconf 91' lang='lat' dir='ltr'>sententia</span> <span class='ocrx_word' id='word_1_182' title='bbox 2114 2356 2576 2438; x_wconf 90' lang='lat' dir='ltr'>aberrabimus,</span> 
     </span>
     <span class='ocr_line' id='line_1_21' title="bbox 252 2456 2578 2543; baseline -0.001 -15"><span class='ocrx_word' id='word_1_183' title='bbox 252 2462 312 2528; x_wconf 92' lang='lat' dir='ltr'>si</span> <span class='ocrx_word' id='word_1_184' title='bbox 343 2460 411 2525; x_wconf 90' lang='lat' dir='ltr'>in</span> <span class='ocrx_word' id='word_1_185' title='bbox 445 2459 566 2526; x_wconf 89' lang='lat' dir='ltr'>hac</span> <span class='ocrx_word' id='word_1_186' title='bbox 598 2478 854 2542; x_wconf 92' lang='lat' dir='ltr'>quoque</span> <span class='ocrx_word' id='word_1_187' title='bbox 889 2456 1126 2543; x_wconf 87' lang='lat' dir='ltr'>pedum</span> <span class='ocrx_word' id='word_1_188' title='bbox 1158 2458 1566 2525; x_wconf 85' lang='lat' dir='ltr'>rationalium</span> <span class='ocrx_word' id='word_1_189' title='bbox 1600 2464 1665 2525; x_wconf 93' lang='lat' dir='ltr'>et</span> <span class='ocrx_word' id='word_1_190' title='bbox 1693 2458 2160 2525; x_wconf 85' lang='lat' dir='ltr'>irrationalium</span> <span class='ocrx_word' id='word_1_191' title='bbox 2205 2457 2578 2525; x_wconf 88' lang='lat' dir='ltr'>definitione</span> 
     </span>
     <span class='ocr_line' id='line_1_22' title="bbox 252 2554 2577 2644; baseline -0.001 -16"><span class='ocrx_word' id='word_1_192' title='bbox 252 2565 584 2630; x_wconf 90' lang='lat' dir='ltr'>notionem</span> <span class='ocrx_word' id='word_1_193' title='bbox 632 2558 825 2643; x_wconf 87' lang='grc' dir='ltr'><strong><em>λόγον</em></strong></span> <span class='ocrx_word' id='word_1_194' title='bbox 870 2561 1043 2627; x_wconf 87' lang='lat' dir='ltr'>idem</span> <span class='ocrx_word' id='word_1_195' title='bbox 1074 2562 1210 2627; x_wconf 76' lang='lat' dir='ltr'>fere</span> <span class='ocrx_word' id='word_1_196' title='bbox 1242 2561 1369 2627; x_wconf 90' lang='lat' dir='ltr'>sibi</span> <span class='ocrx_word' id='word_1_197' title='bbox 1397 2561 1568 2627; x_wconf 86' lang='lat' dir='ltr'>velle</span> <span class='ocrx_word' id='word_1_198' title='bbox 1600 2561 1941 2642; x_wconf 89' lang='lat' dir='ltr'>credimus,</span> <span class='ocrx_word' id='word_1_199' title='bbox 1986 2561 2160 2644; x_wconf 91' lang='lat' dir='ltr'>quod</span> <span class='ocrx_word' id='word_1_200' title='bbox 2200 2558 2438 2644; x_wconf 90' lang='grc' dir='ltr'><strong><em>χρόνον</em></strong></span> <span class='ocrx_word' id='word_1_201' title='bbox 2470 2554 2577 2625; x_wconf 74' lang='grc' dir='ltr'>εὕ-</span> 
     </span>
     <span class='ocr_line' id='line_1_23' title="bbox 256 2654 2577 2750; baseline -0.001 -21"><span class='ocrx_word' id='word_1_202' title='bbox 256 2668 544 2750; x_wconf 74' lang='grc' dir='ltr'><strong><em>ρυθμον,</em></strong></span> <span class='ocrx_word' id='word_1_203' title='bbox 592 2666 728 2747; x_wconf 92' lang='lat' dir='ltr'>cui,</span> <span class='ocrx_word' id='word_1_204' title='bbox 776 2669 846 2730; x_wconf 90' lang='lat' dir='ltr'>ut</span> <span class='ocrx_word' id='word_1_205' title='bbox 889 2664 1055 2731; x_wconf 89' lang='lat' dir='ltr'>infra</span> <span class='ocrx_word' id='word_1_206' title='bbox 1100 2663 1493 2745; x_wconf 88' lang='lat' dir='ltr'>docebimus,</span> <span class='ocrx_word' id='word_1_207' title='bbox 1540 2664 1873 2747; x_wconf 89' lang='lat' dir='ltr'>oppositus</span> <span class='ocrx_word' id='word_1_208' title='bbox 1921 2669 2017 2730; x_wconf 91' lang='lat' dir='ltr'>est</span> <span class='ocrx_word' id='word_1_209' title='bbox 2060 2669 2125 2729; x_wconf 91' lang='lat' dir='ltr'>et</span> <span class='ocrx_word' id='word_1_210' title='bbox 2166 2665 2252 2730; x_wconf 92' lang='lat' dir='ltr'>ad</span> <span class='ocrx_word' id='word_1_211' title='bbox 2300 2654 2577 2747; x_wconf 75' lang='grc' dir='ltr'><strong><em>ἀλογίαν</em></strong></span> 
     </span>
     <span class='ocr_line' id='line_1_24' title="bbox 256 2759 2578 2853; baseline -0.002 -18"><span class='ocrx_word' id='word_1_212' title='bbox 256 2768 562 2835; x_wconf 78' lang='lat' dir='ltr'>convenit</span> <span class='ocrx_word' id='word_1_213' title='bbox 601 2763 838 2849; x_wconf 85' lang='grc' dir='ltr'><strong><em>χρόνος</em></strong></span> <span class='ocrx_word' id='word_1_214' title='bbox 884 2759 1253 2853; x_wconf 73' lang='grc' dir='ltr'><strong><em>ἀῤῥυθμος.</em></strong></span> <span class='ocrx_word' id='word_1_215' title='bbox 1343 2766 1415 2831; x_wconf 90' lang='lat' dir='ltr'>Si</span> <span class='ocrx_word' id='word_1_216' title='bbox 1454 2766 1649 2849; x_wconf 84' lang='lat' dir='ltr'>igitur</span> <span class='ocrx_word' id='word_1_217' title='bbox 1693 2766 1894 2850; x_wconf 87' lang='lat' dir='ltr'>pedes</span> <span class='ocrx_word' id='word_1_218' title='bbox 1938 2767 2284 2833; x_wconf 86' lang='lat' dir='ltr'>rationales</span> <span class='ocrx_word' id='word_1_219' title='bbox 2330 2773 2394 2833; x_wconf 89' lang='lat' dir='ltr'>et</span> <span class='ocrx_word' id='word_1_220' title='bbox 2422 2767 2578 2832; x_wconf 91' lang='lat' dir='ltr'>irra-</span> 
     </span>
     <span class='ocr_line' id='line_1_25' title="bbox 254 2869 2580 2954; baseline 0 -18"><span class='ocrx_word' id='word_1_221' title='bbox 254 2870 538 2937; x_wconf 88' lang='lat' dir='ltr'>tionales</span> <span class='ocrx_word' id='word_1_222' title='bbox 568 2870 1008 2954; x_wconf 88' lang='lat' dir='ltr'>terminantur,</span> <span class='ocrx_word' id='word_1_223' title='bbox 1039 2870 1082 2934; x_wconf 91' lang='lat' dir='ltr'>i.</span> <span class='ocrx_word' id='word_1_224' title='bbox 1107 2889 1162 2935; x_wconf 91' lang='lat' dir='ltr'>e.</span> <span class='ocrx_word' id='word_1_225' title='bbox 1195 2874 1635 2951; x_wconf 86' lang='lat' dir='ltr'>exaequantur</span> <span class='ocrx_word' id='word_1_226' title='bbox 1665 2869 2062 2951; x_wconf 87' lang='lat' dir='ltr'>temporibus</span> <span class='ocrx_word' id='word_1_227' title='bbox 2092 2870 2428 2952; x_wconf 85' lang='lat' dir='ltr'>singulis</span> <span class='ocrx_word' id='word_1_228' title='bbox 2446 2919 2463 2953; x_wconf 95' lang='lat'>,</span> <span class='ocrx_word' id='word_1_229' title='bbox 2494 2904 2580 2916; x_wconf 90' lang='lat'><em>-</em></span> 
     </span>
     <span class='ocr_line' id='line_1_26' title="bbox 257 2969 2580 3057; baseline -0.001 -18"><span class='ocrx_word' id='word_1_230' title='bbox 257 2992 429 3057; x_wconf 89' lang='lat' dir='ltr'>quae</span> <span class='ocrx_word' id='word_1_231' title='bbox 476 2972 740 3056; x_wconf 88' lang='lat' dir='ltr'>quidem</span> <span class='ocrx_word' id='word_1_232' title='bbox 784 2972 1004 3055; x_wconf 91' lang='lat' dir='ltr'>qualia</span> <span class='ocrx_word' id='word_1_233' title='bbox 1048 2990 1189 3037; x_wconf 90' lang='lat' dir='ltr'>esse</span> <span class='ocrx_word' id='word_1_234' title='bbox 1236 2977 1546 3055; x_wconf 88' lang='lat' dir='ltr'>oporteat,</span> <span class='ocrx_word' id='word_1_235' title='bbox 1593 2969 1700 3036; x_wconf 92' lang='lat' dir='ltr'>hic</span> <span class='ocrx_word' id='word_1_236' title='bbox 1743 2971 2114 3053; x_wconf 90' lang='lat' dir='ltr'>omittimus,</span> <span class='ocrx_word' id='word_1_237' title='bbox 2161 3006 2244 3016; x_wconf 91' lang='lat'>—</span> <span class='ocrx_word' id='word_1_238' title='bbox 2285 2977 2580 3055; x_wconf 91' lang='lat' dir='ltr'>apertum</span> 
     </span>
     <span class='ocr_line' id='line_1_27' title="bbox 257 3065 2582 3160; baseline -0.001 -19"><span class='ocrx_word' id='word_1_239' title='bbox 257 3084 360 3141; x_wconf 90' lang='lat' dir='ltr'>est</span> <span class='ocrx_word' id='word_1_240' title='bbox 403 3094 602 3142; x_wconf 84' lang='lat' dir='ltr'>voces</span> <span class='ocrx_word' id='word_1_241' title='bbox 648 3071 847 3160; x_wconf 77' lang='grc' dir='ltr'><strong><em>ῥητὰς</em></strong></span> <span class='ocrx_word' id='word_1_242' title='bbox 893 3078 958 3139; x_wconf 90' lang='lat' dir='ltr'>et</span> <span class='ocrx_word' id='word_1_243' title='bbox 1002 3066 1270 3157; x_wconf 78' lang='grc' dir='ltr'><strong><em>ἄλογος,</em></strong></span> <span class='ocrx_word' id='word_1_244' title='bbox 1330 3094 1521 3156; x_wconf 90' lang='lat' dir='ltr'>porro</span> <span class='ocrx_word' id='word_1_245' title='bbox 1569 3071 1764 3158; x_wconf 86' lang='grc' dir='ltr'><strong><em>λόγον</em></strong></span> <span class='ocrx_word' id='word_1_246' title='bbox 1809 3080 1873 3139; x_wconf 91' lang='lat' dir='ltr'>et</span> <span class='ocrx_word' id='word_1_247' title='bbox 1920 3065 2197 3156; x_wconf 76' lang='grc' dir='ltr'><strong><em>ἀλογίαν</em></strong></span> <span class='ocrx_word' id='word_1_248' title='bbox 2240 3074 2582 3140; x_wconf 85' lang='lat' dir='ltr'>referenda</span> 
     </span>
     <span class='ocr_line' id='line_1_28' title="bbox 259 3175 2578 3260; baseline -0.002 -15"><span class='ocrx_word' id='word_1_249' title='bbox 259 3198 406 3245; x_wconf 90' lang='lat' dir='ltr'>esse</span> <span class='ocrx_word' id='word_1_250' title='bbox 452 3177 540 3243; x_wconf 88' lang='lat' dir='ltr'>ad</span> <span class='ocrx_word' id='word_1_251' title='bbox 583 3178 955 3243; x_wconf 87' lang='lat' dir='ltr'>universum</span> <span class='ocrx_word' id='word_1_252' title='bbox 1000 3176 1188 3260; x_wconf 88' lang='lat' dir='ltr'>pedis</span> <span class='ocrx_word' id='word_1_253' title='bbox 1235 3178 1530 3260; x_wconf 89' lang='lat' dir='ltr'>spatium,</span> <span class='ocrx_word' id='word_1_254' title='bbox 1578 3196 1705 3242; x_wconf 92' lang='lat' dir='ltr'>non</span> <span class='ocrx_word' id='word_1_255' title='bbox 1751 3178 1960 3242; x_wconf 89' lang='lat' dir='ltr'>minus</span> <span class='ocrx_word' id='word_1_256' title='bbox 2006 3196 2199 3260; x_wconf 89' lang='lat' dir='ltr'>quam</span> <span class='ocrx_word' id='word_1_257' title='bbox 2243 3175 2327 3241; x_wconf 91' lang='lat' dir='ltr'>ad</span> <span class='ocrx_word' id='word_1_258' title='bbox 2374 3180 2578 3258; x_wconf 88' lang='lat' dir='ltr'>syste-</span> 
     </span>
     <span class='ocr_line' id='line_1_29' title="bbox 259 3277 2579 3363; baseline -0.002 -18"><span class='ocrx_word' id='word_1_259' title='bbox 259 3286 507 3347; x_wconf 90' lang='lat' dir='ltr'>matum</span> <span class='ocrx_word' id='word_1_260' title='bbox 538 3278 1071 3346; x_wconf 88' lang='lat' dir='ltr'>harmonicorum.</span> <span class='ocrx_word' id='word_1_261' title='bbox 1156 3280 1384 3362; x_wconf 89' lang='lat' dir='ltr'>Itaque</span> <span class='ocrx_word' id='word_1_262' title='bbox 1414 3299 1532 3363; x_wconf 89' lang='lat' dir='ltr'>pes</span> <span class='ocrx_word' id='word_1_263' title='bbox 1563 3279 1972 3362; x_wconf 88' lang='lat' dir='ltr'>irrationalis,</span> <span class='ocrx_word' id='word_1_264' title='bbox 2006 3278 2261 3360; x_wconf 91' lang='lat' dir='ltr'>qualem</span> <span class='ocrx_word' id='word_1_265' title='bbox 2296 3277 2579 3360; x_wconf 88' lang='lat' dir='ltr'>descrip-</span> 
     </span>
     <span class='ocr_line' id='line_1_30' title="bbox 258 3381 2580 3465; baseline 0 -17"><span class='ocrx_word' id='word_1_266' title='bbox 258 3383 346 3449; x_wconf 89' lang='lat' dir='ltr'>sit</span> <span class='ocrx_word' id='word_1_267' title='bbox 393 3382 697 3465; x_wconf 85' lang='lat' dir='ltr'>exemplo</span> <span class='ocrx_word' id='word_1_268' title='bbox 745 3381 966 3447; x_wconf 91' lang='lat' dir='ltr'>chorei</span> <span class='ocrx_word' id='word_1_269' title='bbox 1011 3381 1431 3463; x_wconf 89' lang='lat' dir='ltr'>irrationalis,</span> <span class='ocrx_word' id='word_1_270' title='bbox 1489 3386 1789 3447; x_wconf 90' lang='lat' dir='ltr'>accurate</span> <span class='ocrx_word' id='word_1_271' title='bbox 1834 3381 2135 3445; x_wconf 84' lang='lat' dir='ltr'>convenit</span> <span class='ocrx_word' id='word_1_272' title='bbox 2178 3399 2320 3446; x_wconf 92' lang='lat' dir='ltr'>cum</span> <span class='ocrx_word' id='word_1_273' title='bbox 2367 3382 2580 3465; x_wconf 90' lang='lat' dir='ltr'>spatio</span> 
     </span>
     <span class='ocr_line' id='line_1_31' title="bbox 260 3480 2583 3569; baseline -0 -18"><span class='ocrx_word' id='word_1_274' title='bbox 260 3485 635 3569; x_wconf 88' lang='lat' dir='ltr'>systematis</span> <span class='ocrx_word' id='word_1_275' title='bbox 679 3484 1089 3565; x_wconf 89' lang='lat' dir='ltr'>irrationalis,</span> <span class='ocrx_word' id='word_1_276' title='bbox 1137 3484 1316 3551; x_wconf 87' lang='lat' dir='ltr'>velut</span> <span class='ocrx_word' id='word_1_277' title='bbox 1358 3484 1572 3568; x_wconf 89' lang='lat' dir='ltr'>pycni,</span> <span class='ocrx_word' id='word_1_278' title='bbox 1620 3480 1796 3566; x_wconf 89' lang='lat' dir='ltr'>quod</span> <span class='ocrx_word' id='word_1_279' title='bbox 1840 3480 2085 3566; x_wconf 82' lang='lat' dir='ltr'>hypate</span> <span class='ocrx_word' id='word_1_280' title='bbox 2124 3489 2190 3548; x_wconf 90' lang='lat' dir='ltr'>et</span> <span class='ocrx_word' id='word_1_281' title='bbox 2218 3482 2583 3568; x_wconf 88' lang='lat' dir='ltr'>parhypate</span> 
     </span>
     <span class='ocr_line' id='line_1_32' title="bbox 260 3584 2583 3670; baseline -0 -18"><span class='ocrx_word' id='word_1_282' title='bbox 260 3587 707 3670; x_wconf 88' lang='lat' dir='ltr'>rationalibus,</span> <span class='ocrx_word' id='word_1_283' title='bbox 748 3586 1005 3652; x_wconf 90' lang='lat' dir='ltr'>lichano</span> <span class='ocrx_word' id='word_1_284' title='bbox 1037 3587 1390 3652; x_wconf 88' lang='lat' dir='ltr'>irrationali</span> <span class='ocrx_word' id='word_1_285' title='bbox 1419 3587 1636 3651; x_wconf 89' lang='lat' dir='ltr'>utitur.</span> <span class='ocrx_word' id='word_1_286' title='bbox 1712 3584 1879 3650; x_wconf 85' lang='lat' dir='ltr'>Nam</span> <span class='ocrx_word' id='word_1_287' title='bbox 1912 3585 1980 3650; x_wconf 93' lang='lat' dir='ltr'>in</span> <span class='ocrx_word' id='word_1_288' title='bbox 2007 3590 2279 3668; x_wconf 89' lang='lat' dir='ltr'>utroque</span> <span class='ocrx_word' id='word_1_289' title='bbox 2310 3587 2583 3651; x_wconf 91' lang='lat' dir='ltr'>alterum</span> 
     </span>
     <span class='ocr_line' id='line_1_33' title="bbox 257 3687 2584 3773; baseline -0.001 -16"><span class='ocrx_word' id='word_1_290' title='bbox 257 3691 545 3773; x_wconf 89' lang='lat' dir='ltr'>spatium</span> <span class='ocrx_word' id='word_1_291' title='bbox 591 3696 690 3756; x_wconf 89' lang='lat' dir='ltr'>est</span> <span class='ocrx_word' id='word_1_292' title='bbox 733 3687 1100 3770; x_wconf 87' lang='lat' dir='ltr'>definitum,</span> <span class='ocrx_word' id='word_1_293' title='bbox 1159 3691 1433 3754; x_wconf 90' lang='lat' dir='ltr'>alterum</span> <span class='ocrx_word' id='word_1_294' title='bbox 1475 3687 1906 3770; x_wconf 87' lang='lat' dir='ltr'>indefinitum,</span> <span class='ocrx_word' id='word_1_295' title='bbox 1954 3689 2323 3754; x_wconf 86' lang='lat' dir='ltr'>universum</span> <span class='ocrx_word' id='word_1_296' title='bbox 2366 3695 2584 3754; x_wconf 90' lang='lat' dir='ltr'>autem</span> 
     </span>
     <span class='ocr_line' id='line_1_34' title="bbox 259 3788 2582 3877; baseline -0.001 -18"><span class='ocrx_word' id='word_1_297' title='bbox 259 3801 330 3859; x_wconf 89' lang='lat' dir='ltr'>et</span> <span class='ocrx_word' id='word_1_298' title='bbox 372 3792 740 3877; x_wconf 86' lang='lat' dir='ltr'>systematis</span> <span class='ocrx_word' id='word_1_299' title='bbox 800 3799 865 3857; x_wconf 90' lang='lat' dir='ltr'>et</span> <span class='ocrx_word' id='word_1_300' title='bbox 907 3791 1095 3876; x_wconf 88' lang='lat' dir='ltr'>pedis</span> <span class='ocrx_word' id='word_1_301' title='bbox 1148 3791 1427 3877; x_wconf 88' lang='lat' dir='ltr'>spatium</span> <span class='ocrx_word' id='word_1_302' title='bbox 1473 3788 1896 3856; x_wconf 87' lang='lat' dir='ltr'>indefinitum.</span> <span class='ocrx_word' id='word_1_303' title='bbox 1988 3791 2075 3858; x_wconf 90' lang='lat' dir='ltr'>Ut</span> <span class='ocrx_word' id='word_1_304' title='bbox 2117 3797 2330 3857; x_wconf 90' lang='lat' dir='ltr'>autem</span> <span class='ocrx_word' id='word_1_305' title='bbox 2379 3798 2582 3874; x_wconf 89' lang='lat' dir='ltr'>syste-</span> 
     </span>
     <span class='ocr_line' id='line_1_35' title="bbox 255 3893 2583 3977; baseline -0.002 -16"><span class='ocrx_word' id='word_1_306' title='bbox 255 3901 441 3961; x_wconf 89' lang='lat' dir='ltr'>mata</span> <span class='ocrx_word' id='word_1_307' title='bbox 483 3901 649 3976; x_wconf 89' lang='lat' dir='ltr'>sunt,</span> <span class='ocrx_word' id='word_1_308' title='bbox 698 3913 864 3977; x_wconf 89' lang='lat' dir='ltr'>quae</span> <span class='ocrx_word' id='word_1_309' title='bbox 910 3913 993 3959; x_wconf 89' lang='lat' dir='ltr'>ex</span> <span class='ocrx_word' id='word_1_310' title='bbox 1025 3893 1385 3959; x_wconf 87' lang='lat' dir='ltr'>intervallis</span> <span class='ocrx_word' id='word_1_311' title='bbox 1417 3893 1855 3976; x_wconf 86' lang='lat' dir='ltr'>compluribus</span> <span class='ocrx_word' id='word_1_312' title='bbox 1887 3893 2366 3959; x_wconf 87' lang='lat' dir='ltr'>irrationalibus</span> <span class='ocrx_word' id='word_1_313' title='bbox 2412 3913 2583 3960; x_wconf 90' lang='lat' dir='ltr'>com-</span> 
     </span>
     <span class='ocr_line' id='line_1_36' title="bbox 254 3984 2582 4080; baseline -0.001 -16"><span class='ocrx_word' id='word_1_314' title='bbox 254 3998 479 4080; x_wconf 88' lang='lat' dir='ltr'>posita</span> <span class='ocrx_word' id='word_1_315' title='bbox 520 3997 668 4079; x_wconf 89' lang='lat' dir='ltr'>sint,</span> <span class='ocrx_word' id='word_1_316' title='bbox 715 4001 933 4062; x_wconf 88' lang='lat' dir='ltr'>tamen</span> <span class='ocrx_word' id='word_1_317' title='bbox 974 4016 1119 4061; x_wconf 90' lang='lat' dir='ltr'>cum</span> <span class='ocrx_word' id='word_1_318' title='bbox 1164 3996 1506 4063; x_wconf 86' lang='lat' dir='ltr'>intervallo</span> <span class='ocrx_word' id='word_1_319' title='bbox 1550 3995 1969 4062; x_wconf 87' lang='lat' dir='ltr'>terminentur</span> <span class='ocrx_word' id='word_1_320' title='bbox 2014 3984 2347 4077; x_wconf 77' lang='grc' dir='ltr'><strong><em>(ὥρισται)</em></strong></span> <span class='ocrx_word' id='word_1_321' title='bbox 2391 3996 2582 4062; x_wconf 90' lang='lat' dir='ltr'>ratio-</span> 
     </span>
     <span class='ocr_line' id='line_1_37' title="bbox 254 4088 2586 4185; baseline -0.002 -20"><span class='ocrx_word' id='word_1_322' title='bbox 254 4101 421 4183; x_wconf 81' lang='lat' dir='ltr'>nali,</span> <span class='ocrx_word' id='word_1_323' title='bbox 464 4120 594 4167; x_wconf 87' lang='lat' dir='ltr'>non</span> <span class='ocrx_word' id='word_1_324' title='bbox 640 4098 938 4165; x_wconf 85' lang='lat' dir='ltr'>dicuntur</span> <span class='ocrx_word' id='word_1_325' title='bbox 984 4090 1214 4182; x_wconf 76' lang='grc' dir='ltr'><strong><em>ἄλογα,</em></strong></span> <span class='ocrx_word' id='word_1_326' title='bbox 1261 4098 1379 4166; x_wconf 86' lang='lat' dir='ltr'>sed</span> <span class='ocrx_word' id='word_1_327' title='bbox 1424 4094 1590 4185; x_wconf 83' lang='grc' dir='ltr'><strong><em>ῥητὰ</em></strong></span> <span class='ocrx_word' id='word_1_328' title='bbox 1639 4088 1900 4180; x_wconf 84' lang='grc' dir='ltr'><strong><em>ἀλόγως</em></strong></span> <span class='ocrx_word' id='word_1_329' title='bbox 1932 4094 2364 4184; x_wconf 79' lang='grc' dir='ltr'><strong><em>διαιρούμενα</em></strong></span> <span class='ocrx_word' id='word_1_330' title='bbox 2410 4097 2586 4163; x_wconf 86' lang='lat' dir='ltr'>dicta</span> 
     </span>
    </p>
   </div>
  </div>
 </body>
</html>
