3177 4960
847 361 930 416 De
963 360 1378 415 irrationalitate
1412 359 1596 415 studia
1630 360 1948 429 rhythmica.
2430 361 2552 421 233

234 537 376 600 τῶν
428 526 744 619 ἀριθμῶν
787 533 992 618 μόνον
1027 531 1262 618 λόγους
1311 529 1509 621 ῥητὸν
1556 540 1623 601 et
1665 530 1740 598 τὸ
1777 530 1945 597 κατὰ
1989 536 2194 619 μέρος
2224 532 2422 622 ῥητὸν
2466 535 2552 601 ad

232 659 438 705 unum
484 638 788 722 idemque
832 637 1136 721 redirent,
1183 636 1250 702 id
1298 635 1471 720 quod
1516 636 1941 703 Aristoxenus
1987 643 2161 703 certe
2202 639 2425 704 noluit.
2472 674 2557 684 -

236 741 460 824 Atque
494 760 810 824 quaenam
845 748 907 807 et
938 741 1160 823 quales
1206 746 1354 806 sunt
1383 739 1631 805 formae
1673 739 1828 804 illae
1873 738 2277 822 rhythmicae
2324 741 2555 807 consti-

235 850 421 910 tutae
439 893 455 926 ,
518 863 678 926 quas
724 843 891 909 dixit
934 841 1226 909 Caesar?
1301 842 1756 926 Propertiones
1788 842 1961 907 enim
1999 843 2324 926 epitritam
2357 848 2421 908 et
2449 844 2554 908 tri·

241 948 524 1031 plasiam
556 947 624 1011 in
654 945 1154 1030 rhythmopoeia
1200 945 1501 1011 continua
1527 964 1655 1010 non
1687 944 1982 1011 inventas
2026 948 2136 1021 (=
2166 935 2281 1009 οὐκ
2313 937 2555 1028 ἐρρύθ-

236 1052 437 1131 μους)
482 1067 624 1114 esse
673 1049 775 1125 (el.
809 1047 906 1113 rh.
943 1068 1005 1131 p.
1040 1049 1141 1131 36,
1180 1051 1257 1111 10
1289 1046 1435 1128 W.),
1482 1052 1697 1112 tamen
1743 1067 1784 1111 a
1828 1045 2104 1130 pedibus
2148 1068 2277 1113 non
2319 1048 2557 1115 afuisse

240 1151 466 1229 (Psell.
501 1153 538 1227 ξ
569 1151 633 1226 9)
668 1155 936 1217 constat.
1025 1148 1187 1215 Sunt
1215 1149 1411 1233 igitur
1454 1148 1655 1233 pedes
1689 1149 1932 1234 epitriti
1964 1154 2030 1215 et
2057 1150 2352 1233 triplasii,
2401 1170 2556 1234 quo-

238 1255 421 1319 niam
450 1272 582 1318 non
614 1252 852 1319 cadunt
895 1253 961 1317 in
992 1251 1279 1334 rhythmi
1323 1252 1561 1319 formas
1597 1252 2117 1335 proportionibus
2161 1253 2557 1335 praestitutis

241 1354 566 1439 definitas,
611 1374 1020 1421 numerorum
1062 1360 1309 1420 tantum
1355 1355 1875 1439 proportionibus
1918 1356 2286 1438 rationales,
2340 1359 2558 1421 tamen

242 1457 656 1523 irrationales
701 1477 812 1524 eos
858 1476 1001 1523 esse
1045 1476 1236 1523 nemo
1285 1457 1438 1540 erit,
1488 1457 1600 1539 qui
1643 1456 1797 1523 inde
1844 1457 2099 1523 efficiat.
2191 1454 2367 1534 Quas
2414 1477 2556 1540 pro·
2665 1484 2670 1489 ¹

239 1559 574 1645 portiones
606 1560 860 1625 etiamsi
891 1557 1269 1644 rhythmicis
1300 1559 1723 1625 adscribimus
1773 1594 1848 1602 -—
1881 1566 2028 1625 sunt
2056 1560 2248 1641 enim,
2296 1565 2364 1624 ut
2394 1560 2559 1625 infra

242 1661 529 1746 docebo,
596 1653 926 1746 εὔρυθμοι
993 1697 1090 1740 -,
1160 1668 1375 1727 tamen
1442 1662 1846 1727 irrationales
1910 1660 2113 1745 pedes
2168 1662 2233 1725 in
2290 1681 2557 1745 propor-

239 1765 524 1830 tionibus
582 1765 728 1831 aliis
784 1770 1039 1849 praeter
1096 1764 1377 1847 quinque
1439 1764 1584 1829 illas
1629 1783 1756 1829 non
1815 1763 2096 1846 inerunt,
2159 1762 2554 1846 quandoqui-

244 1866 401 1933 dem
447 1864 640 1950 λόγον
683 1864 1016 1950 γνώριμον
1072 1867 1154 1950 ‘cf
1201 1862 1528 1950 αἰσθήσει
1586 1866 1778 1931 latius
1836 1871 2062 1949 patere
2123 1885 2316 1948 quam
2363 1862 2557 1948 λόγον

244 1963 588 2053 εῧρυθμον
633 1975 699 2035 et
740 1970 1189 2055 proportiones
1233 1970 1412 2034 velut
1458 1969 1739 2051 quinque
1780 1968 1864 2034 ad
1894 1969 2038 2053 tria,
2086 1989 2201 2035 sex
2245 1968 2332 2034 ad
2376 1970 2560 2052 quin·

244 2092 375 2155 que
422 2091 773 2154 omnesque
816 2073 1012 2154 alias,
1060 2090 1481 2154 quaecunque
1522 2073 1805 2138 numeris
1864 2073 2326 2154 exprimuntur,
2387 2092 2556 2138 com-

241 2175 444 2260 plecti
490 2174 764 2257 liquet.¹)

416 2278 518 2342 Ita
546 2282 761 2343 autem
800 2277 925 2343 sibi
955 2277 1202 2360 fingunt
1231 2276 1329 2342 illi
1359 2296 1513 2361 rem,
1562 2283 1632 2341 ut
1659 2276 1902 2360 pedum
1945 2277 2355 2343 rationalium
2400 2281 2558 2343 tem-

238 2398 407 2466 pora
448 2378 534 2444 ad
579 2384 832 2463 tempus
875 2380 1152 2463 primum
1196 2378 1512 2462 redigant,
1558 2379 2022 2443 irrationalium
2067 2398 2222 2444 vero
2268 2384 2560 2461 tempora

240 2482 326 2549 ad
374 2482 684 2568 temporis
726 2483 933 2566 primo
978 2483 1243 2550 minoris
1288 2482 1447 2548 certi
1505 2480 1837 2547 cuiusdam
1895 2480 2173 2564 spatium
2230 2487 2554 2547 revocent.

239 2587 473 2669 Itaque
523 2585 793 2669 pedem,
854 2587 919 2650 in
965 2605 1091 2668 quo
1136 2585 1465 2652 trisemum
1524 2589 1777 2668 tempus
1821 2583 1907 2649 ad
1952 2588 2364 2650 tetrasemum
2409 2603 2554 2650 con—

238 2689 477 2771 fertur,
536 2689 915 2754 rationalem
963 2707 1104 2754 esse
1149 2686 1422 2763 ducunt,
1478 2685 1917 2753 irrationalem
1963 2705 2119 2751 vero
2135 2736 2151 2769 ,
2207 2686 2317 2769 qui
2361 2684 2560 2752 habet

240 2790 458 2858 thesin
505 2789 818 2857 disemam
852 2796 915 2857 et
943 2791 1115 2857 arsin
1160 2809 1536 2856 monosema
1569 2790 1699 2856 arsi
1735 2789 2045 2855 maiorem
2092 2787 2382 2854 dimidio.
2457 2789 2560 2854 An

427 2947 478 3008 1)
514 2942 665 2996 Nihil
699 2942 841 2996 valet
879 2946 1069 2995 contra
1092 2955 1158 2994 ea
1181 2939 1466 3007 Aristides,
1502 2955 1627 2994 cum
1649 2939 1781 2994 dicit
1814 2945 1888 3008 (p.
1918 2942 1983 2994 35
2018 2938 2134 2993 Mb.
2161 2963 2229 2983 =
2255 2941 2338 3006 53,
2366 2943 2430 2992 10
2449 2939 2562 3004 W.)

242 3028 383 3100 γένη
417 3024 605 3100 ἄλογα
642 3042 762 3082 esse
796 3026 943 3081 dicta
978 3018 1103 3097 οὐχὶ
1139 3028 1224 3101 τῷ
1258 3023 1468 3097 μηδένα
1505 3021 1686 3097 λόγον
1721 3019 1886 3096 ἔχειν,
1922 3016 2066 3081 ἀλλὰ
2100 3027 2182 3100 τῷ
2214 3027 2408 3097 μηδενὶ
2442 3028 2561 3080 τῶν

242 3112 647 3185 προκειμένων
681 3112 890 3181 (aequi,
926 3110 1187 3182 duplicis,
1232 3110 1590 3180 sesquitertii,
1637 3109 1864 3179 epitriti)
1899 3105 2094 3182 λόγων
2130 3109 2359 3175 οἰκείως
2394 3104 2558 3180 ἔχειν.

239 3199 387 3256 Nam
424 3215 549 3253 cum
585 3213 651 3252 ea
685 3193 868 3270 λόγον
901 3197 1103 3251 habere
1136 3196 1238 3263 ait,
1277 3195 1463 3251 nescio
1499 3210 1570 3250 an
1607 3187 1787 3267 λόγον
1820 3194 1959 3250 idem
1995 3209 2117 3250 esse
2152 3195 2381 3250 voluerit
2415 3195 2560 3263 quod

242 3284 443 3356 σχέσιν
478 3283 585 3348 (ein
610 3283 922 3337 Verbaltnis
948 3282 1020 3336 im
1047 3281 1418 3349 allgemeinen‚
1455 3281 1599 3336 ohne
1622 3280 1990 3348 Zahlangabe)
2025 3286 2086 3333 ut
2107 3280 2165 3333 in
2189 3278 2388 3348 pedum
2421 3280 2559 3334 irra-

238 3370 533 3425 tionalium
568 3368 880 3424 definitione
914 3384 968 3437 p.
996 3373 1079 3434 51,
1109 3371 1190 3423 13.
1262 3367 1405 3422 Illud
1449 3370 1629 3422 autem
1674 3369 1866 3438 μηδενὶ
1903 3370 2020 3422 τῶν
2056 3384 2151 3438 πρ.
2190 3369 2238 3420 λ.
2278 3365 2560 3431 οἰκείως

243 3452 276 3513 ἔ
280 3478 319 3528 χ
333 3476 442 3513 ειν
476 3454 746 3523 turgidius
782 3457 945 3525 atque
979 3454 1299 3509 insolentius
1340 3453 1540 3508 dictum
1575 3467 1697 3507 esse
1730 3452 1862 3505 mihi
1897 3451 2127 3517 videtur,
2164 3467 2327 3521 quam
2362 3455 2426 3506 ut
2459 3469 2559 3521 pro

242 3541 532 3611 scriptoris
566 3540 848 3596 ieiunitate
883 3546 1031 3595 recte
1066 3555 1126 3595 se
1155 3539 1358 3594 habere
1392 3538 1579 3607 possit.
1620 3578 1624 3582 .
1652 3537 1913 3592 Fortasse
1951 3535 2297 3591 scribendum
2331 3539 2560 3609 μηδένα,

243 3628 280 3682 i.
308 3642 358 3682 e.
397 3626 605 3682 nullam
641 3642 708 3681 ex
731 3626 838 3680 illis
873 3625 1321 3695 proportionibus
1356 3624 1561 3679 habent
1598 3623 1844 3689 οἰκείως,
1878 3622 1997 3678 iure
2020 3637 2088 3678 ac
2111 3629 2327 3688 natura,
2364 3624 2460 3678 sed
2485 3624 2562 3679 ita

242 3714 479 3777 tantum,
515 3712 665 3767 velut
687 3714 734 3766 si
760 3711 991 3766 choreus
1025 3709 1359 3766 irrationalis
1393 3710 1537 3763 inest
1567 3711 1625 3763 in
1648 3709 1899 3779 rhythmo
1936 3708 2232 3764 trochaico.
2294 3709 2402 3763 Sed
2437 3714 2562 3765 utut

244 3798 302 3852 id
339 3801 454 3862 est,
488 3797 848 3852 Aristoxenus
884 3796 1355 3852 irrationalitatem
1389 3812 1501 3850 non
1536 3795 1819 3863 proprium
1853 3794 2022 3867 γένος
2056 3794 2275 3849 duxisse
2310 3798 2561 3863 apertum

244 3890 361 3947 est,
410 3882 662 3951 quoniam
708 3882 874 3951 pedes
918 3882 1259 3937 irrationales
1297 3896 1332 3935 a
1366 3879 1724 3935 rationalibus
1761 3895 1872 3935 non
1905 3880 2084 3952 γένει,
2131 3894 2317 3945 verum
2351 3873 2562 3955 ἀλογίᾳ

245 3968 465 4024 differre
512 3968 722 4022 statuit.
793 3967 960 4024 Γένει
996 3973 1174 4021 autem
1223 3965 1480 4021 differunt
1513 3965 1620 4021 duo
1654 3965 1848 4033 pedes,
1899 3956 2044 4022 ὅταν
2079 3962 2136 4020 οἳ
2171 3960 2337 4037 λόγοι
2372 3965 2560 4036 διαφέ-

246 4071 432 4124 ρωσιν
467 4046 745 4124 ἀλλήλων,
782 4047 992 4125 ἀλογία
1015 4067 1142 4107 vero
1166 4066 1276 4106 non
1300 4057 1384 4107 est
1407 4050 1601 4123 λόγος.
1659 4051 1725 4104 In
1748 4051 2064 4106 harmonica
2095 4050 2312 4119 quidem
2345 4051 2557 4104 irratio-

245 4138 450 4195 nalitas
473 4138 760 4209 generibus
784 4139 959 4193 tribus
982 4137 1116 4205 ipsis
1141 4136 1630 4206 comprehenditur,
1663 4135 1809 4200 item,
1846 4140 1909 4189 ut
1931 4134 2159 4201 videtur,
2194 4136 2250 4188 in
2273 4134 2555 4204 rhythmis.
