3177 4960
1418 1167 1979 1254 summarium.

722 1341 1254 1408 Prooemium:
1300 1340 1731 1424 Rhythmicae
1776 1359 2052 1423 graecae
2086 1340 2387 1421 rationes,
2435 1337 2663 1421 quales
2695 1358 2737 1403 a
2765 1339 2860 1403 vi·

550 1444 638 1510 ris
696 1442 902 1509 doctis
959 1442 1174 1509 adhuc
1229 1442 1595 1523 traduntur,
1658 1448 1724 1508 et
1780 1442 2149 1509 Aristoxeni
2206 1446 2557 1525 praecepta
2612 1439 2863 1506 violant

551 1565 759 1629 neque
790 1545 1086 1611 adhiberi
1114 1551 1384 1629 possunt
1411 1543 1497 1610 ad
1528 1550 1863 1628 poetarum
1891 1550 2116 1627 metra,
2161 1544 2285 1608 nisi
2318 1543 2418 1608 vis
2449 1543 2543 1608 eis
2574 1541 2860 1607 infertur.

549 1648 777 1731 Itaque
822 1648 933 1731 qui
976 1649 1330 1714 arbitrariis
1361 1647 1758 1729 syllabarum
1799 1652 1912 1711 aut
1939 1644 2448 1728 correptionibus
2491 1649 2603 1709 aut
2644 1643 2859 1708 nimiis

550 1749 1080 1835 productionibus
1125 1749 1411 1816 efficiunt
1439 1749 1679 1832 pedum
1710 1749 2108 1831 singulorum
2136 1747 2598 1829 aequalitatem
2641 1764 2863 1811 nume-

551 1871 892 1935 rorumque
953 1852 1478 1932 concinnitatem,
1542 1870 1671 1915 non
1723 1857 1870 1916 sunt
1924 1848 2237 1932 sequendi
2298 1853 2428 1932 (pp.
2480 1852 2556 1912 17
2564 1850 2863 1927 5-180).

552 1951 708 2020 Loci
755 1954 948 2035 enim,
995 1952 1226 2036 quibus
1267 1952 1410 2017 nixi
1465 1952 1588 2016 viri
1634 1952 1731 2016 illi
1776 1951 2152 2017 effrenatam
2183 1949 2584 2033 producendi
2631 1957 2698 2016 et
2728 1970 2864 2017 cor-

555 2052 839 2138 ripiendi
881 2054 1212 2120 licentiam
1257 2053 1382 2118 sibi
1427 2053 1858 2135 vindicarunt,
1905 2072 2032 2118 non
2060 2059 2235 2118 recte
2264 2052 2348 2118 ab
2381 2053 2475 2119 eis
2517 2052 2870 2135 intellecti;

556 2176 717 2240 quos
762 2156 818 2221 si
863 2156 1031 2221 inter
1072 2174 1143 2221 se
1188 2152 1573 2223 conferimus
1619 2164 1813 2239 atque
1858 2156 2321 2232 examinamus,
2379 2154 2588 2219 elucet
2628 2152 2872 2220 finibus

558 2264 660 2325 sat
701 2260 994 2341 angustis
1051 2258 1563 2341 circumscriptas
1610 2277 1752 2324 esse
1798 2264 2156 2341 temporum
2200 2256 2710 2341 rhythmicorum
2755 2255 2869 2321 de-

558 2361 939 2427 clinationes
970 2379 1012 2424 a
1039 2359 1434 2443 syllabarum
1469 2359 1698 2443 spatiis
1728 2360 1844 2442 eis,
1893 2378 2062 2441 quae
2093 2360 2500 2426 metricorum
2528 2357 2872 2424 doctrinae

562 2463 855 2530 subiecta
899 2469 1046 2529 sunt
1088 2464 1219 2547 (pp.
1258 2462 1637 2539 181—188).
2721 2533 2725 2537 ‚

731 2566 897 2630 Tum
943 2565 1289 2648 exponitur
1332 2564 1415 2629 de
1459 2563 1828 2647 praecipuis
1885 2561 2290 2646 rhythmicae
2343 2563 2672 2629 doctrinae
2728 2563 2871 2628 fon-

555 2668 727 2734 tibus
774 2666 931 2750 quid
975 2666 1392 2732 iudicandum
1449 2666 1565 2749 sit3
1624 2665 1998 2731 Aristoxeni
2052 2672 2432 2750 praecepta,
2491 2683 2658 2748 quae
2714 2665 2871 2730 libri

557 2771 903 2848 στοιχείων
960 2767 1305 2853 ῥυθμικῶν
1368 2767 1633 2832 alterius
1691 2766 2029 2832 exordium
2084 2768 2404 2851 integrum
2465 2786 2606 2833 esse
2666 2767 2870 2849 vulgo

557 2870 864 2955 credunt,
915 2888 998 2935 ex
1057 2870 1288 2936 eodem
1341 2870 1507 2935 libro
1567 2870 1776 2953 primo
1822 2876 2129 2953 excerpta
2171 2876 2350 2950 sunt,
2408 2889 2444 2936 e
2489 2887 2616 2952 quo
2663 2867 2867 2933 Pselli

558 2967 1168 3053 προλαμβανόμενα
1210 2967 1305 3046 εἷς
1347 2967 1468 3057 τὴν
1515 2966 1846 3057 ῥυθμικὴν
1885 2967 2286 3058 ἐπιστήμην;
2332 2971 2611 3053 denique
2642 2968 2727 3034 de
2754 2987 2866 3034 ne-

560 3072 983 3154 cessitudine,
1042 3091 1209 3156 quae
1254 3073 1598 3139 intercedit
1646 3074 1814 3140 inter
1858 3074 2209 3141 Aristidem
2254 3072 2756 3152 Quinctilianum
2803 3077 2876 3137 et

561 3176 948 3243 Martianum
994 3173 1350 3258 Capellam,
1396 3173 1554 3257 quid
1600 3176 1872 3242 sentiam
1918 3178 2048 3259 (pp.
2088 3178 2465 3248 189--195).

928 3429 1117 3494 Pars
1162 3430 1224 3495 I:
1270 3429 1386 3497 De
1431 3430 2135 3496 irrationalitatis
2179 3436 2493 3495 natura.

730 3579 902 3658 Quid
933 3583 1249 3648 senserint
1270 3582 1393 3647 viri
1419 3581 1594 3649 docti
1618 3582 1700 3649 de
1724 3581 2233 3665 irrationalitate,
2265 3581 2579 3663 imprimis
2602 3579 2681 3645 G.
2704 3580 2875 3646 Hers-

562 3703 831 3749 mannus
877 3689 942 3749 et
983 3683 1150 3767 Aug.
1194 3683 1564 3750 Bocckhius
1613 3688 1743 3768 (pp.
1779 3686 2158 3761 196—198).

732 3785 834 3851 De
879 3784 1130 3851 duabus
1176 3787 1407 3869 capitis
1452 3784 1536 3851 de
1579 3787 2071 3852 irrationalitate
2101 3784 2510 3851 Aristoxenei
2554 3784 2875 3867 partibus.

562 3889 952 3953 Aristoxeno
985 3886 1151 3952 duce
1181 3888 1502 3952 confertur
1532 3887 1988 3954 irrationalitas
2032 3885 2397 3971 rhythmica
2427 3905 2569 3951 cum
2603 3904 2684 3950 ea
2713 3885 2876 3950 irra-

559 3989 950 4071 tionalitate,
1020 4007 1186 4069 quae
1241 3989 1521 4072 pertinet
1577 3989 1662 4054 ad
1723 3988 2191 4071 harmonicam3
2249 3987 2641 4070 disputatur,
2700 4006 2880 4070 quae

561 4092 902 4157 intervalla
945 4089 1028 4155 ab
1074 4091 1463 4156 Aristoxeno
1508 4089 1683 4156 dicta
1727 4092 1853 4157 sint
1897 4090 2270 4170 rationalia,
2329 4108 2495 4172 quae
2541 4095 2606 4154 et
2649 4090 2882 4172 qualia
