3177 4960
874 329 959 385 De
992 329 1404 386 irrationalitate
1438 331 1622 387 studia
1655 332 1975 401 rhythmica.
2458 335 2581 396 333

271 505 341 566 ut
383 501 626 567 nullum
671 501 871 569 thesis
917 502 1276 569 claudentis
1303 506 1381 587 ¹),
1442 505 1533 571 ita
1588 504 1790 573 thesis
1844 514 2170 575 extremae
2213 513 2361 573 ante
2408 510 2584 576 arsin

274 602 526 669 solutae
574 604 943 687 exemplum
974 624 1104 671 non
1135 611 1314 673 extat
1358 613 1600 674 certum
1627 609 1942 685 (Alcman.
1974 610 2093 693 frg.
2125 613 2228 692 23,
2262 609 2348 675 2?
2396 610 2580 678 Pind.

270 704 457 771 Nem.
492 705 587 770 111
623 705 748 771 14?
794 707 1033 774 Telest.
1066 709 1185 791 frg.
1220 712 1279 793 4,
1313 712 1407 793 2),
1467 715 1680 776 tamen
1739 730 1817 777 ea
1873 711 2106 778 solutio
2151 713 2395 779 evitata
2440 732 2581 780 esse

273 805 557 887 videtur,
605 827 734 875 non
780 810 932 891 quia
976 811 1366 878 irrationalis
1412 819 1583 879 esset
1627 812 1829 880 thesis
1863 819 2152 881 extrema
2182 815 2314 896 illa,
2361 834 2582 881 verum

273 908 449 992 quod
497 910 661 976 ictus
706 910 965 978 ultimus
1009 913 1405 995 paenultimo
1451 919 1740 999 tempore
1792 915 2045 998 longius
2103 936 2144 982 a
2189 935 2413 983 versus
2457 915 2585 983 fine

271 1011 503 1077 abesse
560 1012 801 1095 nequit.
904 1012 1303 1097 Quamquam
1360 1015 1572 1082 thesin
1630 1036 1854 1083 versus
1908 1024 2261 1084 extremam
2329 1037 2584 1101 semper

272 1131 418 1179 esse
448 1114 827 1180 rationalem
858 1133 1044 1198 nego.
1120 1115 1287 1182 Nam
1320 1136 1420 1183 ex.
1454 1138 1546 1201 gr.
1581 1119 1647 1183 in
1679 1119 1960 1184 carmine
1993 1119 2107 1185 illo
2138 1119 2582 1186 Anacreonteo

271 1215 417 1297 (frg.
453 1218 533 1279 75
568 1214 785 1300 ng.)‚
844 1217 1017 1300 quod
1076 1224 1325 1285 constat
1378 1238 1414 1285 e
1472 1211 1656 1285 trini's
1716 1218 2004 1287 dimetris
2049 1220 2392 1288 trochaicis
2436 1241 2580 1288 aca-

273 1316 535 1383 talectis
581 1324 647 1383 et
691 1324 916 1401 quarto
961 1318 1235 1386 dimetro
1283 1321 1662 1388 catalectico
1700 1320 1966 1407 stropha
2009 1342 2137 1388 una
2168 1321 2580 1407 comprehen-

273 1419 364 1486 sis
411 1419 513 1495 (cf.
548 1417 781 1486 Christ.
815 1420 998 1487 Metr.
1029 1441 1092 1504 p.
1129 1424 1300 1506 291),
1345 1423 1499 1488 bina
1543 1423 1820 1491 dimetra
1863 1443 1989 1490 uno
2033 1444 2223 1491 versu
2269 1425 2584 1509 complec-

274 1521 473 1587 tenda
518 1541 662 1589 esse
710 1522 944 1588 docent
987 1524 1314 1591 clausulae
1360 1525 1691 1592 libertates
1737 1532 1884 1610 post
1929 1524 2202 1593 dimetra
2246 1528 2429 1611 paria
2474 1525 2585 1592 ad·

276 1622 534 1688 missae.
611 1622 860 1689 Tamen
892 1622 1298 1707 stropharum
1342 1624 1618 1692 dimetra
1661 1626 1868 1692 altera
1910 1646 2035 1692 non
2082 1626 2213 1692 alia
2256 1627 2584 1693 clausulae

274 1723 484 1789 forma
528 1724 622 1789 uti
669 1744 747 1792 ac
790 1726 999 1809 prima
1043 1734 1108 1792 et
1153 1728 1341 1792 tertia
1387 1728 1795 1794 manifestum
1843 1735 1957 1795 est.
2040 1728 2252 1810 Atque
2296 1728 2584 1794 clausula

273 1825 391 1890 illa
437 1826 651 1893 mollis
697 1833 793 1892 ter
837 1829 1113 1912 repetita
1156 1834 1350 1912 atque
1396 1830 1462 1894 in
1508 1849 1809 1896 versuum
1841 1830 2033 1896 etiam
2066 1830 2245 1896 exitu
2289 1828 2586 1895 adhibita

272 1930 556 1995 maxime
588 1939 1018 1996 consentanea
1040 1937 1138 1997 est
1161 1949 1304 1997 cum
1328 1932 1629 1998 carminis
1660 1932 1948 1999 lascivia.
2002 1931 2104 1997 Ab
2135 1932 2405 1998 aliorum
2429 1950 2584 1997 vero

276 2033 630 2100 carminum
676 2032 989 2115 imprimis
1037 2052 1276 2115 eorum,
1332 2052 1500 2115 quae
1544 2053 1807 2101 numero
1852 2033 2371 2119 dactyloepitrito
2419 2053 2585 2101 com-

274 2136 489 2221 posita
532 2141 700 2217 sunt,
747 2141 975 2200 natura
1020 2132 1323 2202 abhorret
1366 2135 1659 2202 clausula
1703 2136 1994 2203 binorum
2026 2141 2383 2219 temporum
2431 2137 2585 2202 irra-

274 2237 632 2304 tionalium.
734 2237 932 2319 Atqui
1001 2257 1224 2304 versus
1281 2238 1346 2302 in
1401 2239 1726 2321 epitritum
1791 2240 2062 2305 alterum
2122 2238 2487 2305 desinentes
2546 2258 2587 2304 a

276 2340 665 2406 carminibus
712 2338 1253 2424 dactyloepitritis
1298 2359 1422 2404 non
1455 2340 1703 2406 absunt.
1778 2340 1978 2405 Multo
2008 2346 2224 2406 autem
2256 2341 2584 2424 acceptior

277 2446 374 2509 est
405 2441 695 2508 clausula
725 2441 1085 2509 acatalecta
1128 2460 1322 2524 quam
1369 2441 1750 2509 catalectica
1786 2442 1850 2507 in
1894 2438 2298 2525 stropharum
2347 2439 2584 2525 epodo·

273 2563 543 2626 rumque
600 2542 760 2626 fine3
824 2544 913 2608 ibi
975 2544 1144 2609 enim
1201 2542 1377 2627 apud
1425 2542 1773 2609 Pindarum
1831 2543 2152 2609 invenitur
2209 2543 2325 2609 illa
2383 2544 2584 2610 vicies

276 2653 524 2731 quater,
572 2644 737 2712 haec
782 2645 1117 2729 tredecies,
1165 2646 1230 2710 in
1278 2652 1632 2712 ceterorum
1682 2664 1834 2712 vero
1868 2664 2167 2712 versuum
2216 2646 2393 2711 exitu
2437 2665 2582 2712 raro

272 2748 622 2816 adhibetur
644 2748 936 2832 epitritus
959 2748 1107 2832 112),
1132 2766 1366 2832 nempe
1391 2748 1545 2830 quia
1565 2748 1781 2814 media
1797 2749 1862 2813 in
1886 2745 2152 2832 stropha
2174 2747 2339 2813 inter
2362 2767 2585 2815 versus

275 2872 402 2919 non
448 2858 694 2917 tantum
741 2856 1046 2933 quantum
1091 2851 1257 2916 inter
1300 2848 1597 2934 strophas
1645 2851 2079 2916 intermittitur
2124 2850 2451 2934 temporis,
2504 2868 2587 2916 ex

276 2974 403 3038 quo
453 2959 707 3039 petatur
751 2952 997 3018 numeri
1058 2951 1329 3034 legitimi
1390 2958 1824 3036 augmentum.
1912 2952 1987 3018 In
2047 2951 2140 3019 eis
2199 2951 2393 3034 igitur
2449 2971 2588 3019 ver-

465 3158 512 3218 1)
547 3152 854 3208 Solutiones
890 3166 1016 3207 vero
1063 3151 1121 3206 in
1157 3157 1449 3206 metrorum
1486 3157 1597 3206 tam
1633 3150 1980 3217 ereticorum,
2017 3150 2440 3215 dochmicorum,
2475 3150 2587 3220 gly-

284 3253 579 3295 coneorum
617 3253 777 3307 quam
815 3237 1208 3307 dactylicorum
1244 3235 1474 3301 finibus,
1519 3236 1718 3303 quibus
1753 3237 1810 3290 in
1848 3236 2120 3292 codicibus
2157 3233 2590 3304 editionibusque

280 3323 461 3379 claudi
498 3322 750 3379 videntur
775 3337 984 3387 versus,
1024 3322 1397 3377 demonstrant
1421 3327 1595 3375 metra
1629 3321 1722 3377 illa
1744 3328 1863 3377 arte
1888 3321 2176 3376 cohaerere
2211 3333 2333 3372 cum
2359 3334 2588 3387 sequen·

277 3408 442 3473 tibus,
468 3406 708 3477 quamvis
732 3411 972 3462 mutetur
994 3421 1268 3472 numerus,
1295 3420 1564 3475 unamque
1593 3405 1774 3461 facere
1798 3406 2076 3476 periodum
2100 3419 2331 3460 unumve
2357 3420 2587 3461 versum.

458 3497 509 3559 2)
547 3492 747 3561 Liquet
790 3494 847 3547 in
884 3492 1099 3563 epitrito
1139 3491 1309 3546 altero
1356 3505 1547 3546 versus
1582 3492 1667 3546 vel
1701 3492 1913 3561 periodi
1956 3490 2118 3546 finem
2153 3505 2263 3545 non
2300 3489 2593 3559 significari

280 3579 493 3649 syllaba
528 3577 769 3647 ancipiti,
806 3577 902 3632 sed
926 3577 1041 3632 solo
1078 3575 1249 3632 hiatu.
1324 3575 1530 3631 Tamen
1553 3574 1808 3642 editores,
1846 3575 2084 3645 quamvis
2121 3575 2327 3630 hiatum
2363 3591 2472 3629 non
2508 3576 2589 3630 in-

276 3664 570 3731 venissent,
608 3677 792 3718 versus
818 3676 982 3731 saepe
1008 3662 1250 3716 clausere
1284 3660 1421 3730 pede
1448 3662 1749 3718 acatalecto
1785 3664 1888 3729 (ed.
1916 3661 2349 3716 Teubnerianam
2373 3675 2587 3729 recogn.

279 3747 578 3803 Christius:
620 3746 703 3802 Ol.
732 3747 832 3802 VII
856 3762 943 3817 ep.
971 3752 1021 3813 4,
1044 3746 1125 3800 XI
1150 3761 1238 3814 ep.
1267 3752 1316 3811 8,
1353 3744 1457 3798 XII
1481 3761 1567 3815 ep.
1599 3752 1641 3801 1.
1672 3752 1719 3815 4,
1745 3746 1880 3802 XIII
1906 3762 1993 3816 ep.
2027 3751 2069 3809 1,
2096 3746 2191 3816 Py.
2218 3745 2296 3802 IV
2325 3760 2410 3814 ep.
2437 3752 2486 3811 5,
2511 3745 2591 3800 IX

281 3849 367 3902 ep.
394 3836 442 3897 4,
471 3830 565 3887 Ist.
594 3831 621 3885 1
646 3835 743 3887 str.
776 3838 819 3899 1,
851 3847 934 3901 ep.
962 3837 1011 3900 4,
1051 3831 1103 3885 11
1129 3834 1226 3885 str.
1256 3835 1304 3895 4,
1329 3830 1410 3884 III
1436 3834 1531 3886 str.
1564 3835 1608 3886 1.
1641 3835 1690 3887 3.
1718 3838 1766 3897 4,
1792 3832 1840 3887 V
1866 3839 1963 3889 str.
1992 3834 2040 3894 3,
2065 3844 2148 3899 ep.
2177 3834 2247 3897 4).
2307 3830 2592 3884 Invenitur

279 3918 460 3971 autem
498 3916 681 3971 hiatus
717 3917 802 3971 his
838 3930 1027 3971 novem
1061 3915 1197 3971 Iocis
1234 3916 1393 3970 solis:
1436 3915 1520 3970 Ol.
1549 3912 1625 3970 v1
1651 3921 1746 3969 str.
1774 3918 1804 3968 3
1831 3917 1897 3979 (v.
1926 3918 2026 3982 52),
2064 3914 2198 3969 XIII
2225 3929 2311 3985 ep.
2336 3920 2366 3970 3
2392 3919 2461 3981 (v.
2488 3918 2591 3982 42),

281 4001 375 4072 Py.
401 3999 475 4056 IV
503 4005 602 4056 stt.
629 4005 659 4055 3
696 4004 798 4066 (vv.
825 4006 907 4055 57.
943 4001 1072 4054 103?
1118 4005 1246 4066 172),
1284 4006 1383 4057 str.
1407 4005 1440 4054 4
1476 4004 1577 4066 (vv.
1605 4003 1688 4054 35.
1721 4003 1834 4053 119.
1864 4002 1979 4053 242.
2009 4003 2145 4066 288),
2180 3999 2336 4055 Nem.
2363 3998 2414 4055 V
2437 4004 2535 4055 str.
2562 4004 2593 4054 2

281 4092 349 4150 (v.
379 4089 486 4150 26),
523 4100 609 4155 ep.
641 4091 663 4139 1
705 4089 770 4151 (v.
803 4088 902 4152 13),
938 4085 1032 4140 Ist.
1062 4084 1112 4138 11
1138 4100 1221 4155 ep.
1251 4090 1281 4139 2
1318 4089 1387 4152 (v.
1417 4087 1516 4151 12),
1555 4100 1639 4155 ep.
1668 4088 1697 4139 3
1726 4088 1792 4151 (v.
1822 4087 1924 4150 45),
1959 4083 2042 4138 111
2066 4092 2161 4140 str.
2194 4090 2222 4138 5
2248 4088 2350 4151 (vv.
2378 4087 2460 4137 41.
2489 4086 2590 4150 83).

383 4177 609 4234 Leipziger
636 4179 838 4225 StudIen.
881 4179 1009 4224 XIV.
2220 4172 2283 4222 22
