3177 4960
579 261 616 284 'Q

590 333 712 394 298
1544 331 1702 401 nugo
1737 332 1927 388 Jusatz

755 506 915 575 Cum
970 515 1185 574 autem
1240 507 1307 571 in
1352 504 1599 573 eisdem
1643 526 1771 573 non
1817 504 2008 572 modo
2055 505 2475 587 carminibus,
2535 505 2654 573 sed
2700 507 2903 573 etiam

582 609 872 695 periodis
902 610 1044 694 (Py.
1062 609 1126 675 11
1147 614 1256 676 str.
1282 612 1342 674 2.
1373 608 1483 675 Ist.
1507 610 1600 676 VI
1628 614 1738 676 str.
1763 610 1826 687 5)
1856 608 2263 676 inveniantur
2292 613 2497 675 metra
2524 609 2657 676 illis
2687 609 2902 692 paria,

584 732 751 797 quae
817 712 1121 779 brevibus
1186 712 1664 778 irrationalibus
1727 711 1972 778 utentia
2036 711 2574 795 frequentioribus
2635 715 2900 779 servent

585 818 797 897 legem
844 815 1327 896 Porsonianam‚
1373 812 1781 881 statuendum
1828 814 1950 880 erit
1990 833 2245 897 agogen
2290 815 2523 880 mutari
2577 832 2775 898 posse
2828 814 2898 878 in

585 918 874 987 eiusdem
905 915 1161 1001 periodi
1184 917 1508 1000 membris,
1541 917 1759 983 laesae
1780 921 1996 982 autem
2027 916 2193 999 legis
2217 916 2651 984 Porsonianae
2678 935 2895 984 exem-

585 1022 695 1106 pla
736 1022 951 1105 posita
995 1039 1138 1087 esse
1183 1039 1310 1086 non
1355 1020 1422 1084 in
1465 1020 1661 1085 totius
1707 1018 2005 1086 carminis
2049 1017 2289 1102 indole,
2334 1019 2452 1086 sed
2496 1020 2561 1084 in
2606 1020 2894 1087 locorum

584 1124 890 1208 ipsorum,
921 1123 987 1188 in
1019 1122 1251 1208 quibus
1281 1122 1495 1188 insunt
1516 1140 1746 1206 agoge,
1777 1140 1899 1188 nec
1921 1121 2293 1204 carminum,
2328 1140 2496 1205 quae
2526 1121 2685 1188 viris
2716 1120 2898 1189 dedi-

584 1231 730 1293 cata
758 1231 924 1308 sunt,
968 1231 1258 1291 naturam
1307 1243 1425 1307 per
1454 1242 1524 1290 se
1568 1222 1832 1290 differre
1861 1224 1945 1289 ab
1992 1241 2232 1306 eorum,
2278 1243 2444 1308 quae
2489 1225 2727 1308 pueris,
2774 1224 2894 1291 sed

585 1330 650 1394 in
696 1328 826 1395 illis
868 1327 1253 1412 gravitatem
1283 1346 1362 1394 ac
1391 1325 1677 1411 rhythmi
1722 1326 2088 1393 tarditatem
2113 1327 2321 1410 magis
2362 1325 2654 1393 adamari
2699 1347 2896 1410 quam

580 1433 645 1497 in
691 1430 812 1498 his.

757 1532 919 1600 Sunt
961 1540 1176 1600 autem
1222 1533 1286 1598 in
1340 1532 1638 1615 epiniciis
1681 1529 2044 1598 Pindaricis
2087 1530 2734 1616 pseudologaoedicis
2779 1534 2896 1616 eis,

586 1655 753 1720 quae
798 1637 1081 1703 maxime
1126 1641 1383 1702 utuntur
1426 1636 1649 1702 metris
1693 1634 2158 1716 alloeometris,
2216 1640 2421 1701 metra
2462 1634 2781 1718 quaedam
2824 1636 2897 1701 in

580 1737 851 1823 periodo
882 1758 1000 1806 sua
1028 1738 1254 1822 prima,
1303 1757 1470 1823 quae
1501 1737 1818 1822 incipiant
1845 1737 1929 1803 ab
1960 1737 2178 1803 iambo
2205 1742 2319 1803 aut
2346 1738 2455 1819 ita,
2499 1743 2571 1804 ut
2598 1738 2887 1804 iambum

579 1842 795 1909 statim
851 1848 1156 1925 sequatur
1221 1839 1516 1924 dactylus
1533 1890 1549 1923 ‚
1620 1858 1810 1925 quem
1878 1840 2090 1905 inesse
2146 1837 2367 1906 dicunt
2421 1838 2546 1916 (Ol.
2594 1840 2626 1905 I
2671 1846 2781 1907 str.
2831 1845 2892 1924 1,

582 1962 682 2028 ep.
708 1947 767 2016 2,
812 1943 878 2008 X
900 1949 1008 2009 str.
1037 1946 1096 2026 6,
1129 1943 1244 2025 Py.
1277 1941 1343 2007 II
1372 1961 1472 2025 ep.
1505 1945 1564 2007 2.
1600 1946 1657 2007 3.
1691 1945 1752 2026 6,
1783 1942 1841 2008 V
1871 1961 1972 2026 ep.
2006 1943 2064 2006 2.
2100 1945 2159 2024 5,
2191 1941 2255 2007 X
2284 1948 2393 2008 str.
2427 1947 2487 2027 4,
2517 1942 2701 2010 Nem.
2731 1943 2800 2009 11
2834 1950 2894 2026 1,

579 2045 701 2111 VH
734 2051 844 2112 str.
895 2048 953 2123 1)
1012 2051 1124 2111 aut
1177 2050 1248 2110 ut
1304 2044 1663 2112 intercedat
1717 2043 2056 2112 trochaeus
2103 2043 2228 2122 (Ol.
2261 2044 2325 2110 X
2372 2065 2473 2129 ep.
2511 2050 2566 2110 1.
2624 2045 2732 2113 Ist.
2767 2045 2896 2111 VH

585 2152 638 2212 1.
688 2151 770 2223 5).
858 2145 1268 2230 Supersedeo
1326 2147 1681 2232 inquirere,
1739 2166 1930 2231 quem
1986 2147 2073 2213 ad
2128 2147 2390 2214 modum
2448 2149 2504 2215 is
2563 2167 2680 2231 pes
2733 2149 2896 2215 iam·

580 2251 759 2317 bicus
791 2250 876 2316 sit
902 2248 1377 2333 percutiendus.
1467 2250 1707 2317 Nostra
1737 2248 1844 2317 hic
1873 2248 1941 2316 id
1972 2251 2181 2317 solum
2212 2251 2494 2334 interest,
2521 2250 2701 2334 quod
2730 2252 2894 2318 iam-

576 2353 696 2419 bus
741 2353 854 2421 ille
899 2353 1219 2438 excipitur
1261 2352 1551 2439 spondeo
1599 2351 1851 2419 duobus
1895 2352 2057 2420 locis
2103 2350 2495 2420 Pindaricis:

1072 2455 1171 2524 Ol.
1204 2455 1268 2522 X
1299 2457 1412 2522 48:
1457 2452 1780 2538 τιμάσαις
1822 2451 2040 2540 πόρον
2081 2446 2372 2542 Ἀλφεοῦ

1301 2562 1414 2624 901
1460 2555 1831 2623 θνάσκοντι
1877 2554 2371 2642 στυγερώτατος

1139 2684 1206 2721 rx.
1242 2681 1302 2726 v.
1336 2664 1406 2725 6:
1454 2656 1696 2725 ἐνιπὰν
1741 2652 2159 2736 ἇλιτοξένων.

747 2762 1138 2829 Anacreonti
1169 2768 1384 2829 autem
1432 2763 1611 2829 nulla
1653 2764 1784 2830 alia
1825 2764 2262 2847 responsionis
2306 2763 2371 2828 in
2416 2764 2887 2847 glyconeorum

580 2863 840 2929 basibus
898 2863 1104 2929 forma
1159 2866 1301 2930 usui
1363 2872 1461 2933 est
1516 2884 1707 2949 quam
1766 2866 1965 2931 iambi
2024 2871 2087 2932 et
2131 2864 2403 2950 spondei
2429 2867 2507 2949 l);
2563 2867 2629 2932 in
2675 2869 2894 2951 perio·

577 2963 803 3031 dorum
851 2963 1135 3032 exordiis
1180 2966 1362 3032 illum
1405 2965 1688 3050 admisit,
1734 2966 1858 3035 hoc
1902 2986 2157 3051 semper
2201 2986 2354 3035 usus
2399 2973 2497 3035 est
2539 2968 2605 3033 in
2650 2971 2891 3037 ceteris

576 3066 828 3150 periodi
887 3067 1209 3135 membris.
1297 3070 1510 3152 Atque
1569 3088 1959 3154 quamquam
2018 3088 2275 3153 semper
2318 3088 2647 3137 caesuram
2702 3072 2892 3154 ponit

576 3176 723 3254 post
751 3169 965 3238 thesin
994 3171 1293 3256 glyconei
1326 3177 1699 3255 extremam,
1745 3178 1960 3239 tamen
1988 3179 2193 3239 metra
2220 3192 2347 3239 non
2376 3178 2664 3256 tempore
2709 3174 2894 3240 inani

576 3272 850 3341 diremta
916 3273 1032 3341 sed
1090 3274 1410 3360 synaphia
1476 3273 1757 3358 quadam
1823 3275 1989 3341 inter
2047 3294 2117 3342 se
2177 3294 2428 3341 conexa
2483 3294 2625 3343 esse
2696 3275 2890 3342 docet

574 3377 910 3459 productio
970 3378 1186 3446 brevis
1242 3377 1455 3446 finalis
1512 3398 1630 3462 per
1687 3378 1981 3461 duplices
2041 3384 2463 3445 consonantes
2486 3427 2503 3461 ,
2560 3397 2604 3444 a
2647 3379 2886 3462 quibus

573 3477 803 3561 incipit
844 3478 1228 3562 glyconeum
1273 3500 1568 3565 sequens,
1617 3486 1685 3546 ut
1720 3480 1850 3546 iam
1879 3480 1945 3544 in
1989 3479 2387 3563 praefatione
2428 3482 2516 3564 (p.
2554 3481 2674 3545 178
2703 3480 2886 3557 adn.)

574 3577 928 3649 docuimus.
1029 3580 1212 3661 Quae
1267 3603 1410 3651 cum
1468 3584 1560 3649 ita
1616 3584 1774 3666 sint,
1829 3583 2078 3666 primae
2136 3583 2204 3648 in
2261 3583 2593 3667 glyconeis
2649 3582 2892 3650 mediis

575 3682 868 3765 syllabae
903 3684 1237 3768 longitudo
1267 3706 1397 3752 non
1424 3683 1612 3752 fluxit
1641 3705 1726 3753 ex
1757 3704 1837 3752 ea
1865 3686 2173 3769 temporis
2203 3683 2551 3768 rhythmici
2596 3685 2887 3769 licentia,

573 3805 739 3870 quae
795 3786 860 3850 in
930 3787 1340 3870 periodorum
1399 3789 1507 3855 vel
1566 3808 1867 3857 versuum
1938 3789 2138 3856 initiis
2196 3786 2583 3872 admittitur,
2652 3807 2886 3855 verum

572 3893 786 3999 posita
830 3897 927 3958 est
958 3891 1022 3956 in
1066 3890 1329 3974 propria
1372 3890 1880 3959 irrationalitatis
1923 3890 2202 3975 duplicis
2244 3889 2471 3956 forma.
2561 3887 2891 3968 Quoniam

746 4030 794 4091 1)
829 4023 969 4080 Nam
1003 4023 1104 4093 frg.
1133 4029 1182 4088 5,
1219 4026 1276 4077 2·
1322 4017 1604 4096 Σμερδιης
1659 4029 1738 4089 14,
1775 4027 1834 4078 3:
1880 4043 1996 4096 νηνι
2044 4026 2185 4094 (νηνι
2178 4024 2254 4089 ’ῖ)1
2301 4022 2402 4091 frg.
2434 4025 2523 4076 121
2570 4014 2703 4079 οὔτ’
2737 4015 2891 4094 ἐμὴν

570 4104 797 4182 ἁπαλὴν
829 4128 965 4168 κασι
968 4128 1001 4165 ν
1036 4108 1257 4164 dubium
1292 4123 1363 4163 an
1398 4113 1547 4162 recte
1582 4107 1654 4163 sit
1688 4108 2011 4173 restitutum,
2047 4108 2176 4165 fort.
2214 4093 2378 4179 αμήν.
