3177 4960
492 302 614 361 180
1455 300 1611 371 Hugo
1646 301 1835 356 Jusatz

488 474 696 558 possit
753 475 818 539 in
873 495 943 542 re
1000 473 1395 560 rhythmica:
1451 468 1490 562 ἦ
1537 471 1694 557 γὰρ,
1753 476 1978 559 inquit,
2026 471 2319 561 συλλαβὴ
2368 463 2483 538 οὐκ
2528 465 2634 538 ἀεὶ
2678 470 2798 539 τὸν

494 566 960 658 αὖτὸνχρόνον
989 574 1266 658 κατέχει,
1312 574 1400 641 τὸ
1451 572 1864 660 δὲμὲτρον
1907 572 2251 663 ἠρεμεῖν
2296 573 2658 641 ὁεῖκατοῖ
2702 573 2791 641 τὸ

489 673 788 756 ποσὸν,
833 675 1048 743 καθὸ
1108 675 1410 763 μέτρον
1456 672 1711 744 ἐστίν.
1801 678 1943 757 Quo
1999 679 2261 746 tandem
2315 684 2508 763 pacto
2576 680 2795 762 glyco-

489 801 680 846 neum
725 781 853 848 dici
896 789 1112 866 potest
1152 802 1269 865 pes
1315 782 1814 864 dodecasemus,
1859 784 1901 847 i.
1936 801 1990 849 e.
2038 802 2074 847 e
2105 781 2448 848 duodecim
2491 781 2795 865 tempori·

490 885 608 948 bus
652 882 878 966 primis
924 890 1242 966 constans,
1289 885 1343 951 si
1375 884 1504 950 duo
1535 892 1830 968 tempora
1866 891 2012 950 sunt
2042 884 2308 965 maiora,
2355 889 2654 966 quattuor
2683 903 2795 949 au-

489 992 618 1050 tem
661 985 907 1051 minora
948 983 1214 1070 reliquis
1259 986 1425 1053 sex?

660 1087 761 1152 Ex
803 1089 1263 1156 mutationibus
1309 1088 1761 1170 (μεταβολαῖς)
1792 1096 2006 1154 autem
2050 1079 2185 1150 κατ’
2240 1079 2501 1172 ἀγωγὴν
2532 1093 2597 1154 et
2624 1085 2795 1152 κατὰ

490 1187 684 1273 λόγον
728 1187 1012 1255 ποδικὸν
1067 1193 1234 1258 inter
1291 1211 1362 1258 se
1409 1193 1726 1276 oppositis
1783 1190 2075 1269 (Aristid.
2106 1211 2172 1274 p.
2204 1192 2306 1273 63,
2358 1192 2436 1253 13
2467 1190 2614 1273 W.),
2660 1197 2795 1256 tum

489 1312 571 1358 cx
615 1294 1002 1360 Aristoxeno
1058 1295 1199 1379 ipso
1256 1292 1364 1373 (el.
1399 1293 1600 1360 harm.
1645 1315 1709 1378 p.
1744 1298 1845 1378 34,
1897 1294 1973 1357 12
2003 1294 2162 1359 Mor.
2207 1321 2293 1344 ==
2338 1295 2441 1376 48,
2475 1295 2555 1358 28
2586 1293 2796 1376 qu.:

488 1397 600 1462 καὶ
628 1392 752 1478 γὰρ
797 1392 1199 1477 μ’νοντος
1241 1397 1385 1460 τοῦ
1431 1393 1677 1479 λόγου
1710 1446 1725 1460 .
1760 1445 1776 1460 .
1810 1441 1826 1456 .
1860 1442 1874 1456 .
1922 1393 2004 1457 τὰ
2033 1392 2290 1481 μεγέθη
2336 1406 2619 1461 κινεῖται
2659 1397 2796 1460 τῶν

488 1495 719 1562 ποδῶν
765 1493 878 1562 διὰ
923 1495 1043 1581 τὴν
1100 1500 1217 1585 τῆς
1262 1489 1521 1586 ἀγωγῆς
1567 1494 1894 1580 δύναμιν)·
1928 1500 2139 1565 elucet
2194 1518 2447 1582 agogen
2504 1503 2799 1582 spectare

486 1621 616 1666 non
658 1600 746 1667 ad
782 1599 1365 1687 rhythmopociam‚
1413 1603 1611 1668 immo
1656 1600 1744 1667 ad
1771 1621 1955 1668 usum
2003 1601 2364 1667 canentium
2401 1600 2797 1667 saltantium-

488 1723 615 1787 que
643 1705 756 1787 ita,
802 1709 873 1769 ut
915 1705 970 1769 si
1001 1710 1281 1770 mutatur
1309 1725 1539 1790 agoge,
1586 1705 1781 1771 totius
1825 1704 2014 1769 metri
2044 1704 2150 1769 vel
2180 1702 2434 1788 periodi
2480 1704 2587 1769 vel
2618 1702 2795 1769 deni-

488 1825 613 1888 que
659 1807 856 1872 totius
890 1807 1193 1873 carminis
1225 1808 1442 1873 omnia
1471 1815 1763 1891 tempora
1791 1806 1984 1872 modo
2017 1805 2263 1872 tardius
2293 1804 2488 1871 modo
2519 1806 2798 1872 alacrius

486 1909 977 1992 pronuntientur
1021 1914 1134 1974 aut
1176 1909 1486 1975 saltentur
1543 1911 1648 1985 (cf.
1679 1908 1944 1975 Aristid.
1975 1929 2038 1992 p.
2073 1911 2175 1993 62,
2208 1913 2245 1972 5
2278 1907 2408 1973 W.:
2455 1898 2676 1992 ἆγωγὴ
2725 1898 2790 1970 δ’

412 2008 424 2023 '
488 1998 631 2072 >στὶ
678 2004 971 2091 ῥυθμικὴ
998 2004 1255 2092 χρόνων
1300 2006 1500 2090 τάχος
1543 1996 1965 2096 ἢβραδύτης,
2013 2005 2157 2073 οἶον
2201 2003 2363 2072 ὅταν
2407 2009 2539 2071 τῶν
2585 2005 2798 2092 λόγων

489 2106 913 2191 σωζομένων,
977 2106 1091 2185 οὓς
1139 2109 1207 2174 αἱ
1252 2114 1488 2187 θέσεις
1533 2111 1895 2176 ποιοῦνται
1953 2108 2129 2194 πρὸς
2173 2106 2295 2186 τὰς
2341 2103 2590 2194 ἄρσεις,
2648 2109 2799 2176 δια-

488 2208 719 2296 φόρως
748 2208 1106 2276 ἑκάστου
1145 2211 1388 2297 χρόνου
1420 2211 1503 2277 τὰ
1537 2217 1793 2300 μεγέθη
1825 2210 2384 2300 προφερώμεθα).
2473 2212 2658 2278 Nihil
2685 2233 2798 2280 au·

487 2320 618 2380 tem
664 2314 955 2381 invenire
1002 2335 1284 2399 possum,
1330 2337 1412 2382 ex
1450 2336 1584 2400 quo
1630 2324 1935 2400 sequatur
1978 2336 2232 2401 agogen
2276 2317 2498 2382 valere
2542 2314 2628 2381 ad
2671 2316 2799 2382 sin-

486 2418 673 2501 gulos
720 2417 1034 2502 quosdam
1072 2419 1363 2486 eiusdem
1407 2420 1598 2486 metri
1642 2418 1844 2504 pedes
1875 2420 1984 2503 ita,
2037 2427 2106 2486 ut
2150 2425 2379 2486 natura
2422 2419 2801 2503 inaequales

488 2527 838 2605 exaequet3
901 2541 1112 2606 neque
1166 2542 1322 2589 vero
1368 2529 1497 2606 est,
1556 2522 1731 2607 quod
1774 2522 1979 2606 pedes
2023 2523 2438 2607 proportione
2483 2522 2800 2606 diversos,

487 2643 730 2707 aequos
790 2626 1001 2708 spatio
1050 2626 1363 2691 contineri
1384 2633 1707 2710 ‘putemus
1752 2625 2120 2691 differentia
2165 2645 2276 2709 ea,
2340 2644 2508 2708 quae
2565 2623 2802 2691 dicitur

485 2723 655 2793 κατὰ
702 2728 950 2810 σχῆμα,
1020 2747 1211 2811 quam
1258 2730 1401 2795 loco
1446 2730 1617 2795 male
1661 2734 1948 2797 correcto
1992 2747 2298 2811 perverse
2344 2728 2799 2811 interpretatus
2904 2776 2918 2789 .

488 2835 584 2895 est
629 2827 1070 2913 Westphalius
1116 2829 1286 2898 ‹Rhf
1325 2852 1390 2915 p.
1423 2834 1548 2896 280
1579 2833 1720 2915 sq.).
1811 2830 1943 2898 Sed
1990 2831 2071 2896 de
2116 2851 2197 2898 ea
2239 2850 2308 2897 re
2339 2831 2542 2897 fusius
2579 2829 2800 2913 dispu-

487 2936 624 2995 tare
683 2932 947 3014 longum
1007 2940 1128 3016 est3
1193 2934 1350 3000 satis
1410 2933 1710 3017 equidem
1759 2933 1970 3000 habco
2015 2932 2139 3000 hoc
2189 2934 2490 3017 exemplo
2537 2931 2799 2999 demon·

487 3039 746 3118 strasse,
793 3054 920 3117 quo
968 3035 1163 3102 ducat
1205 3035 1591 3120 Westphalii
1637 3038 1748 3102 via
1790 3057 1833 3102 a
1874 3036 2128 3102 Blassio
2188 3036 2427 3113 (annal.
2458 3033 2618 3120 phil.
2657 3037 2800 3118 133,

490 3137 638 3213 453)
697 3136 964 3203 laudata
1006 3158 1085 3204 ac
1130 3138 1579 3205 commendata
1636 3142 1687 3217 (‚,
1702 3138 1812 3205 die
1856 3139 2195 3205 Tradition
2240 3136 2800 3204 hervorzusuchen

486 3241 618 3306 und
666 3261 840 3307 zwar
885 3240 991 3308 die
1022 3240 1369 3326 moglichst
1413 3242 1543 3309 alte
1590 3241 1723 3307 und
1767 3262 1895 3308 von
1940 3241 2154 3308 dieser
2182 3238 2622 3306 anzunehmen
2666 3237 2799 3304 und

486 3344 946 3427 anzuwendcn,
992 3365 1128 3412 was
1171 3343 1308 3412 sich
1355 3344 1581 3428 irgend
1630 3342 1994 3411 annehmen
2036 3345 2198 3411 lfisst
2213 3345 2285 3420 ¹⁴).
2373 3342 2604 3410 Melior
2641 3361 2799 3408 vero

487 3465 565 3511 ac
610 3445 802 3510 tutior
861 3464 940 3511 ea
983 3445 1142 3511 mihi
1195 3447 1483 3532 videtur,
1542 3467 1672 3531 qua
1726 3467 1769 3512 a
1811 3446 2148 3530 principiis
2206 3444 2609 3529 rhythmicae
2653 3444 2799 3509 Ari-

489 3555 837 3613 stoxeneae
898 3558 1069 3614 certe
1128 3547 1410 3616 definitis
1463 3548 1943 3633 proficiscamur
1999 3554 2064 3614 et
2105 3548 2462 3615 rationibus
2520 3547 2800 3613 servatis

487 3650 621 3715 alia
648 3657 1000 3734 praecepta
1041 3650 1437 3735 pedetentim
1470 3652 1873 3736 indagemus,
1919 3658 2053 3717 tum
2084 3671 2252 3735 quae
2284 3650 2798 3734 cognoverimus»,

487 3751 574 3818 ad
629 3758 964 3835 poetarum
1020 3759 1224 3819 metra
1281 3755 1685 3821 conferamus
1755 3763 1819 3820 et
1873 3756 2315 3821 examinemus
2382 3772 2459 3818 ac
2517 3751 2797 3834 denique

488 3853 791 3919 minutius
838 3856 1223 3921 excolamus.
