3177 4960
873 361 958 417 De
992 361 1410 419 irrationalitate
1444 361 1626 417 studia
1658 361 1981 432 rhythmica.
2462 363 2583 422 241

650 526 813 600 ὅταν
858 531 934 600 τὸ
985 528 1146 600 αὐτὸ
1194 537 1485 619 μέγεθος
1530 532 1852 619 διαιρεθῇ
1900 530 1996 609 εἷς
2038 535 2205 619 μέρη

447 642 503 703 1.
548 631 749 703 ἄνισα
793 634 962 702 κατά
1007 660 1081 701 τε
1124 633 1242 701 τὸν
1289 628 1590 718 ἀριθμὸν
1632 636 1745 700 καὶ
1790 632 1874 700 τὰ
1920 636 2198 721 μεγέθη,

443 743 504 806 2.
552 733 756 806 ἄνισα
798 738 922 822 μὲν
966 735 1134 803 κατὰ
1181 735 1300 804 τὸν
1335 730 1655 822 ἇριθμόν,
1701 736 1822 802 ἰ’σα
1867 735 1940 801 δὲ
1982 733 2150 801 κατὰ
2195 734 2279 801 τὰ
2309 741 2587 825 μεγέθη,

444 847 504 909 3.
553 836 753 908 ἄνισα
796 840 917 925 μὲν
961 838 1130 905 κατὰ
1173 838 1258 905 τὰ
1301 844 1578 928 μεγέθη,
1625 838 1745 906 ἰ’σα
1790 839 1863 904 δὲ
1891 836 2061 904 κατὰ
2105 836 2222 905 τὸν
2268 831 2588 925 ἀριθμόν.

443 945 517 1011 Si
547 946 744 1029 igitur
786 944 915 1011 duo
947 950 1243 1029 tempora
1277 945 1544 1012 alterius
1590 942 1780 1028 pedis
1812 942 2085 1010 eandem
2132 941 2375 1010 habent
2419 964 2587 1011 sum-

256 1069 463 1133 mam,
513 1067 703 1132 quam
749 1045 878 1114 duo
922 1048 1006 1113 ab
1051 1046 1182 1113 illis
1227 1048 1488 1114 diversa
1531 1048 1599 1113 in
1643 1046 1814 1132 pede
1856 1047 2081 1128 altero,
2127 1034 2427 1129 ἀριθμὸς
2470 1048 2592 1114 erit

257 1170 553 1234 aequus;
598 1151 665 1215 in
695 1169 821 1233 quo
867 1150 1059 1216 inerit
1087 1150 1278 1216 tertia
1308 1148 1610 1216 diversae
1641 1148 1955 1215 diaeresis
2000 1148 2280 1232 speeies;
2325 1149 2505 1214 velut
2533 1149 2590 1215 si

261 1243 573 1335 ἀριθμὸς
601 1249 1015 1336 τετράσημος
1058 1252 1126 1317 ἰιι
1155 1252 1360 1318 altero
1399 1250 1569 1336 pede
1600 1249 1915 1341 dividitur
1957 1249 2024 1315 in
2054 1255 2593 1343 monosemum-et

260 1355 605 1421 trisemum
646 1350 885 1436 χρόνον
931 1345 1324 1428 ἀσύνθετον,
1369 1355 1435 1419 ἰιι
1466 1354 1673 1422 altero
1718 1359 1934 1419 autem
1979 1353 2046 1418 in
2076 1352 2360 1419 disemos
2405 1351 2588 1420 duos.

264 1454 464 1533 Quod
509 1457 564 1523 si
608 1456 931 1523 invenitur
983 1456 1050 1522 in
1092 1455 1263 1541 pede
1308 1455 1701 1539 composito,
1760 1453 1952 1521 cadet
2008 1455 2077 1519 in
2120 1456 2367 1521 variam
2414 1454 2590 1522 diae-

262 1559 468 1641 resin,
513 1559 613 1625 sin
656 1559 725 1623 in
756 1557 1052 1643 simplici
1095 1556 1442 1640 accideret,
1485 1556 1572 1623 ad
1605 1553 1944 1641 διαφορὰν
1987 1554 2156 1620 κατὰ
2185 1559 2374 1640 γένος
2409 1576 2591 1642 speo-

265 1666 414 1725 tare
457 1658 818 1743 putandum
863 1665 981 1726 est.
1069 1660 1399 1734 Trisemus
1456 1664 1673 1725 autem
1734 1649 2034 1742 ἀριθμὸς
2091 1658 2383 1725 diversas
2425 1658 2591 1724 divi-

269 1763 489 1829 siones
534 1781 663 1828 non
705 1760 990 1827 admittit
1046 1762 1170 1828 nisi
1217 1781 1362 1828 oum
1421 1759 1736 1827 dividitur
1790 1760 1983 1827 modo
2040 1761 2107 1825 in
2152 1780 2592 1828 monosemum

273 1869 343 1930 et
374 1864 714 1948 disemum,
746 1863 941 1932 modo
972 1864 1039 1930 in
1072 1863 1201 1931 duo
1232 1863 1635 1929 irrationalia
1663 1868 1974 1947 tempora,
2021 1882 2289 1946 quorum
2318 1864 2594 1931 alterum

268 1986 649 2033 monosemo
705 1967 944 2049 maius,
1009 1967 1283 2033 alterum
1345 1964 1597 2032 disemo
1655 1966 1863 2032 minus
1924 1972 2023 2032 est
2072 1963 2303 2032 eodem
2361 1968 2593 2051 spatio.

271 2068 448 2134 Nam
507 2069 753 2135 trisemi
812 2058 1114 2154 αριθμοῦ
1170 2067 1410 2134 divisio
1472 2068 1538 2132 in
1598 2073 1816 2152 partes
1875 2074 1944 2134 ut
1999 2067 2065 2134 in
2109 2074 2380 2151 utroque
2422 2068 2594 2152 pede

273 2189 543 2255 aequas,
575 2190 1017 2238 monosemum
1047 2177 1114 2238 et
1143 2170 1483 2243 disemum.
1530 2170 1625 2236 ita
1653 2171 1720 2235 in
1749 2171 1953 2237 altero
1982 2169 2153 2254 pede
2180 2170 2370 2237 aliter
2398 2173 2592 2239 eollo-

275 2427 433 2479 δυεῖν
468 2417 713 2494 θάτερα,
748 2415 1037 2493 ἢπείθειν
1070 2417 1219 2492 ἡμᾶς
1255 2417 1287 2489 ἢ
1317 2430 1523 2489 ποιεῖν,
1559 2418 1785 2479 τούτων
1822 2414 2094 2494 οὐδέτερα
2130 2430 2299 2478 ποιεῖ.
2369 2423 2593 2479 Theaet.

273 2525 333 2578 p.
366 2511 461 2563 187
489 2506 583 2576 B.;
618 2507 782 2575 Legg.
809 2506 941 2562 VIII
965 2523 1018 2576 p.
1046 2511 1138 2561 841
1170 2507 1249 2576 D3
1286 2508 1450 2577 Epin.
1476 2525 1531 2577 Ρ.
1560 2512 1661 2563 983
1681 2508 1748 2563 Ε.
1820 2506 1957 2561 Cum
1991 2521 2118 2561 vero
2155 2507 2384 2562 duarum
2415 2524 2596 2565 rerum

276 2592 454 2647 altera
476 2594 690 2646 tantum
714 2591 1021 2662 respicitur,
1057 2588 1318 2666 θάτερον
1352 2593 1459 2647 dici
1480 2606 1709 2647 neeesse
1733 2593 1835 2656 est,
1859 2590 2007 2646 velut
2030 2590 2230 2647 Aeseh.
2258 2591 2437 2649 Prom.
2466 2599 2595 2664 8673

277 2682 440 2733 δυοῖν
477 2676 536 2734 δὲ
570 2671 831 2748 θάτερον
864 2673 1237 2749 βουλήσεται,
1281 2672 1471 2734 κλύειν
1506 2672 1743 2741 ἄναλκις
1785 2679 2006 2744 μᾶλλον
2039 2670 2076 2748 ἢ
2108 2674 2444 2749 μιαιφόνος,
2490 2681 2597 2737 nisi

276 2763 424 2817 forte
456 2762 515 2815 in
550 2777 617 2816 ea
652 2761 775 2831 ipsa
809 2763 895 2816 vel
927 2777 1027 2831 per
1060 2778 1122 2817 se
1156 2763 1297 2816 inest
1330 2762 1541 2832 plurale
1576 2759 1881 2829 quoddam,
1926 2760 2075 2816 velut
2109 2761 2275 2831 Soph.
2300 2764 2439 2820 Phil.
2467 2770 2594 2823 503:

280 2851 499 2904 παθεῖν
520 2846 629 2916 μὲν
652 2835 733 2912 εὖ,
769 2851 984 2903 παθεῖν
1007 2847 1066 2904 δὲ
1091 2843 1317 2919 θάτερα
1351 2851 1438 2913 (-
1461 2846 1653 2912 κακά),
1687 2846 1924 2900 maxime
1956 2845 2015 2900 in
2037 2847 2420 2919 locutionibus,
2456 2867 2599 2920 quae

279 2932 352 2985 ad
387 2931 513 2985 loca
547 2930 846 2999 pertinent,
889 2947 1012 2986 cum
1059 2930 1467 3001 praepositione
1514 2930 1847 2986 coniunctis:
1894 2930 2036 2986 Xen.
2061 2930 2201 2988 Hell.
2228 2933 2305 2987 111
2328 2942 2378 3002 7,
2401 2935 2481 2990 IV
2504 2943 2595 2994 30:

278 3014 376 3072 ἐπὶ
410 3012 639 3088 θάτερα
676 3019 782 3072 τοῦ
816 3020 1119 3085 ποταμοῦ,
1167 3016 1239 3071 ab
1272 3017 1368 3071 illa
1400 3022 1584 3086 parte3
1634 3014 1807 3071 Thac.
1833 3016 1862 3069 1
1886 3020 1982 3070 87:
2027 3014 2089 3083 ἐς
2119 3012 2192 3076 τὰ
2228 3017 2324 3077 ἐπὶ
2357 3018 2598 3097 θάτερα,

280 3100 388 3155 VII
414 3104 512 3153 37·
548 3097 614 3156 ἐκ
648 3104 758 3157 τοῦ
790 3098 885 3157 ἐπὶ
919 3095 1172 3173 θάτερα,
1225 3100 1364 3155 Plat
1393 3101 1542 3155 Prot.
1571 3116 1625 3169 p.
1653 3104 1753 3154 315
1778 3101 1853 3154 Α·
1901 3099 1968 3157 ἐκ
2001 3108 2109 3159 τοῦ
2141 3101 2237 3160 ἐπὶ
2272 3106 2496 3180 θάτερα
2534 3140 2598 3149 -—

279 3184 348 3243 ἐκ
381 3189 490 3243 τοῦ
532 3184 627 3243 ἐπὶ
663 3180 915 3258 θάτερα,
961 3184 1170 3241 Phileb.
1194 3201 1250 3254 p.
1282 3191 1344 3239 15
1368 3185 1444 3239 Ε·
1491 3180 1631 3242 τότε
1673 3184 1782 3254 μὲν
1827 3183 1920 3242 ἐπὶ
1968 3183 2198 3260 θάτερα
2240 3220 2312 3231 -
2357 3184 2496 3249 τότε
2538 3195 2601 3252 δὲ

282 3268 480 3327 πάλιν.
550 3270 655 3339 Qui
677 3269 906 3338 pluralis
931 3284 1103 3339 aeque
1127 3270 1483 3339 explicandus
1509 3270 1613 3325 erit
1635 3285 1703 3324 ac
1733 3270 1827 3339 qui
1850 3273 1937 3325 est
1968 3271 2026 3325 in
2050 3267 2122 3328 τὰ
2148 3294 2289 3340 ανω,
2325 3270 2397 3334 τὰ
2419 3273 2599 3347 κάτω,

280 3356 588 3422 similibus,
634 3355 702 3410 de
738 3370 850 3410 una
892 3355 1110 3424 regione
1146 3355 1323 3409 dictis.
1394 3358 1575 3424 Atque
1616 3356 1738 3424 ipse
1782 3355 1998 3423 quidem
2040 3357 2427 3429 Aristoxenus,
2475 3379 2599 3419 oum

282 3440 555 3511 pluralem
580 3444 771 3511 posset
794 3438 1067 3504 adhibere,
1104 3443 1285 3493 tamen
1313 3439 1640 3510 singularem
1666 3454 1946 3494 numerum
1969 3441 2285 3511 plerumque
2315 3447 2597 3513 praetulit.

283 3526 353 3579 el.
378 3526 556 3579 harm-
580 3541 636 3594 p.
662 3529 746 3592 46,
778 3528 868 3577 10:
921 3516 1230 3593 οὐδέτερον
1276 3523 1335 3581 δὲ
1370 3520 1595 3582 τούτων
1630 3517 1842 3597 άληθές
1874 3522 2057 3582 ἐστιν·
2107 3523 2242 3585 οὔτε
2276 3524 2390 3605 γὰρ
2428 3576 2598 3591 .....

287 3605 425 3667 ουτε
464 3648 477 3661 .
501 3650 515 3665 .
544 3647 558 3663 .
588 3651 600 3664 .
651 3626 760 3679 ,·p.
791 3612 873 3676 78,
900 3612 989 3663 23.
1027 3613 1113 3665 δεῖ
1144 3604 1450 3679 ἐσομένοις
1485 3614 1644 3667 δυοῖν
1682 3605 1936 3683 θάτερον
1968 3605 2274 3685 υπάρχειν,
2318 3611 2390 3686 ἢ.
2458 3615 2603 3691 ..57⁸3

286 3698 498 3759 84,18:
537 3697 624 3751 δεῖ
646 3687 703 3750 δ’
731 3689 937 3766 ἕτερον
961 3686 1222 3766 πότερον
1243 3688 1524 3768 ὑπάρχειν
1546 3695 1662 3750 soil.
1685 3699 1781 3750 aut
1799 3701 2049 3766 quartum
2075 3712 2268 3753 sonum
2292 3696 2382 3759 διὰ
2402 3700 2604 3761 τεσσά-

292 3799 414 3850 ρων
438 3779 746 3845 concinere,
785 3785 882 3833 aut
906 3780 1151 3848 quintum
1188 3776 1277 3837 διὰ
1305 3776 1507 3851 πέντε,·
1540 3783 1609 3835 de
1642 3781 1843 3836 eisdem
1881 3783 2289 3839 condicionibus
2321 3802 2375 3855 p.
2401 3791 2485 3855 83,
2515 3793 2601 3842 17:

293 3868 380 3921 δεῖ
401 3856 458 3919 δ’
484 3859 690 3936 ἕτερον
711 3868 855 3931 κτλ,
890 3882 946 3934 Ρ.
973 3868 1057 3930 92,
1102 3869 1193 3919 22:
1246 3860 1562 3938 μηδετέρου
1602 3865 1661 3923 δὲ
1702 3862 1925 3924 τούτων
1966 3870 2403 3940 συμβαίνοντος,
2437 3888 2492 3940 Ρ.
2519 3876 2603 3939 94,

291 3953 349 4003 3:
386 3945 614 4007 τούτων
646 3942 702 4005 δ’
728 3942 1035 4022 οὐδέτερον
1065 3951 1351 4022 γίγνεται,
1386 3950 1452 4005 de
1484 3950 1730 4021 synaphe
1754 3956 1808 4005 et
1830 3952 2076 4006 diazeuxi
2110 3957 2274 4022 Ρ.84,
2306 3959 2391 4010 13:
2428 3949 2602 4029 άναγ-

299 4042 469 4091 καῖον
504 4029 710 4105 ἕτερον
740 4030 998 4105 πότερον
1023 4036 1361 4107 συμβαίνειν
1394 4044 1519 4102 τοῖς
1542 4031 1668 4107 ἑξῆς
1690 4033 2115 4109 τετραχόρδοις.
2186 4038 2360 4094 Semel
2393 4044 2602 4095 tantum

298 4134 430 4173 usus
467 4121 552 4174 est
573 4119 775 4188 plurali
808 4123 975 4190 Ρ.·78,
1002 4123 1093 4174 12.
1131 4120 1178 4195 ᾧ
1216 4113 1272 4177 δ’
1312 4115 1387 4178 ἀν
1419 4116 1703 4195 μηδέτερα
1740 4116 1965 4179 τούτων
1999 4124 2300 4196 συμβαίνῃ.
