3177 4960
870 379 952 433 De
984 379 1400 435 irrationalitate
1435 379 1617 434 studia
1650 380 1969 450 rhythmica.
2450 382 2526 439 21
2542 382 2570 439 1

245 553 746 619 intervallorum
809 559 1074 619 naturae
1132 553 1431 620 tribuisse
1474 554 1930 619 Aristoxenum
1992 559 2056 618 et
2101 573 2182 619 ea
2233 553 2576 620 intervalla

248 654 531 721 duxisse
562 654 926 740 rationalia,
958 675 1123 738 quae
1155 654 1418 740 hypate,
1451 676 1568 723 sex
1600 653 2000 738 parhypatis,
2047 660 2345 738 quattuor
2373 654 2572 723 licha-

247 759 378 840 nis,
427 775 605 824 mese
651 757 1099 840 terminentur3
1146 777 1313 841 quae
1358 759 1505 824 aliis
1551 759 1744 841 sonis,
1796 756 2213 822 irrationalia.

1380 978 1450 1041 B.

742 1115 853 1179 Dc
899 1113 1382 1179 intervallis
1427 1114 2092 1179 irrationalibus.

435 1253 647 1331 Atque
691 1259 948 1333 praeter
992 1269 1184 1316 sonos
1214 1250 1382 1331 illos,
1430 1251 1540 1333 qui
1585 1252 1801 1316 insunt
1843 1250 1910 1315 in
1955 1249 2380 1316 tetrachordis
2426 1250 2574 1315 sim-

247 1351 539 1434 plicibus
610 1359 676 1417 et
730 1353 980 1434 mixtis,
1045 1353 1279 1418 multos
1347 1353 1512 1419 alios
1578 1359 1774 1435 atque
1840 1352 2008 1419 adeo
2075 1353 2575 1418 innumerabiles

246 1459 484 1518 extare
528 1454 815 1537 sequitur
858 1473 895 1520 e
927 1453 1219 1520 doctrina
1261 1453 1344 1520 de
1373 1455 1745 1537 regionibus
1776 1451 2064 1530 (τόποις)
2109 1473 2409 1520 sonorum
2439 1474 2573 1519 mo-

245 1556 508 1633 bilium,
551 1556 634 1622 de
665 1576 793 1639 qua
822 1557 1058 1623 Noster
1087 1577 1149 1639 p.
1185 1560 1285 1639 36,
1323 1560 1401 1620 13
1433 1556 1607 1639 qu.
1641 1563 1706 1621 et
1737 1558 2018 1622 maxime
2049 1578 2109 1622 v.
2148 1558 2255 1620 18:
2302 1558 2573 1641 νοητέον

246 1654 384 1740 γὰρ
432 1648 756 1741 ἀπείρους
797 1654 916 1722 τὸν
962 1649 1261 1739 ἀριθμὸν
1319 1654 1476 1734 τοὺς
1521 1655 1842 1737 λιχανούς.
1906 1650 1981 1721 οὗ
2026 1655 2151 1740 γὰρ
2198 1646 2280 1721 clv
2326 1654 2574 1743 στήσῃς

248 1757 376 1844 τὴν
420 1756 650 1846 φωνὴν
703 1769 823 1824 τοῦ
873 1752 1440 1843 ἀποδεδειγμένου
1486 1759 1734 1844 λιχανῷ
1772 1756 2007 1839 τόπου,
2062 1755 2328 1840 λιχανὸς
2363 1758 2571 1838 ἔσται,

248 1860 562 1926 διάκενον
609 1854 665 1926 δ’
720 1855 910 1927 οὐδέν
977 1859 1121 1928 ἐστι
1170 1864 1291 1926 τοῦ
1337 1861 1788 1943 λιχανοειδοῦς
1835 1859 2051 1927 τόπου
2085 1854 2239 1927 οὐδὲ
2268 1864 2573 1927 τοιοῦτον

251 1962 405 2030 οἷον
433 1961 523 2051 μὴ
553 1963 873 2045 δέχεσθαι
918 1963 1203 2045 λιχανόν.
1281 1966 1462 2032 Idem
1510 1964 1592 2030 de
1623 1965 2019 2048 parhypates
2063 1966 2326 2047 regione
2364 1964 2570 2031 docet.

250 2068 354 2133 cf.
380 2088 442 2150 p.
474 2070 574 2145 76,
605 2072 684 2131 27
707 2090 723 2150 3
758 2073 899 2149 100,
922 2073 956 2131 7
983 2088 1123 2151 sqq.
1158 2068 1473 2152 Porphyr.
1506 2090 1568 2152 p.
1597 2071 1741 2133 255.
1803 2069 1929 2133 Tot
1950 2068 2147 2150 igitur
2170 2068 2573 2151 parhypatae

249 2175 480 2252 totque
525 2169 764 2236 lichani
810 2176 1033 2236 extare
1078 2177 1365 2257 possunt,
1420 2176 1575 2253 quot
1618 2171 1683 2234 in
1730 2172 2058 2253 utriusque
2102 2172 2244 2237 soni
2289 2172 2571 2252 regione,

252 2291 451 2354 quam
498 2273 674 2338 linea
716 2272 1118 2356 designatam
1164 2273 1427 2355 cogites,
1476 2279 1698 2338 extant
1741 2279 1995 2356 puncta.
2011 2274 2054 2348 ¹)

429 2374 487 2440 E
511 2375 764 2458 quibus,
796 2381 1055 2458 praeter
1077 2380 1376 2458 quattuor
1406 2376 1553 2441 illas
1576 2374 1975 2458 parhypatas
2005 2393 2249 2456 sexque
2280 2374 2570 2439 lichanos

250 2478 628 2555 rationaleS,
658 2478 821 2545 alias
845 2477 1160 2561 quasdam
1190 2498 1319 2544 non
1344 2476 1536 2545 modo
1561 2477 1854 2543 doctrina
1884 2496 2024 2543 esse
2047 2476 2314 2559 positaS‚
2346 2495 2568 2542 verum

251 2580 450 2645 etiam
506 2578 593 2645 ad
649 2600 832 2646 usum
889 2581 1277 2664 pertinuisse
1333 2581 1475 2664 ipse
1519 2579 1944 2644 Aristoxenus
1988 2584 2210 2643 auctor
2256 2585 2354 2643 est
2398 2598 2568 2643 com-

251 2682 552 2768 pluribus
581 2682 760 2748 locis.
837 2683 934 2756 El.
972 2682 1172 2747 harm.
1207 2702 1269 2764 p.
1305 2685 1407 2756 70,
1450 2683 1527 2746 18
1560 2682 1766 2763 qu.:
1816 2675 1890 2744 οὐ
1934 2676 2060 2763 γὰρ
2107 2676 2185 2766 δὴ
2232 2675 2407 2765 πρὸς
2450 2675 2570 2765 τὴν

255 2775 464 2868 αὐτὴν
526 2782 854 2866 διαίρεσιν
907 2782 1271 2866 βλέποντες
1318 2782 1565 2859 πάντες
1625 2777 1777 2847 οὔτε
1821 2779 1894 2846 τὸ
1938 2783 2175 2866 χρῶμα
2230 2775 2381 2847 οὕτε
2425 2778 2571 2865 τὴν

254 2881 682 2969 ἁρμονίαν
731 2883 1212 2968 ἁρμόττονται·
1261 2876 1436 2950 ὥστε
1478 2890 1545 2949 τί
1574 2884 1829 2966 μᾶλλον
1873 2882 1992 2972 τὴν
2024 2883 2285 2950 δίτονον
2334 2886 2571 2965 (obiec-

250 2998 420 3072 tum;
469 2986 779 3053 διάτονον
807 2990 980 3067 libri)
1014 2986 1282 3070 λιχανὸν
1313 2990 1802 3074 (praedicatum)
1849 2989 2108 3053 λεκτέον
2138 2977 2180 3072 ἢ
2210 2987 2329 3072 τὴν
2356 2990 2573 3071 μικρῷ

253 3094 787 3176 συντονωτέρανς
817 3085 1106 3173 ἁρμονία
1131 3094 1195 3168 (i.
1218 3111 1273 3157 e.
1306 3112 1509 3175 genus
1533 3092 2017 3158 enharmonium
2044 3091 2392 3175 quoddam,
2421 3111 2573 3171 non,

253 3202 326 3259 ut
380 3195 579 3262 vertit
635 3194 1115 3277 MarquardiuS‚
1183 3191 1683 3277 „Woblklang“‚
1743 3213 1873 3277 qua
1929 3193 2395 3276 significatione
2440 3213 2573 3258 vox

254 3316 576 3380 nusquam
620 3297 944 3362 invenitur
986 3296 1161 3380 apud
1209 3296 1690 3371 Aristoxenum)
1735 3293 1857 3376 μὲν
1900 3293 2026 3379 γὰρ
2072 3289 2247 3358 εἶναι
2287 3296 2370 3379 τῇ
2417 3291 2570 3358 αἰσ-

252 3391 465 3485 θήσει
508 3389 644 3462 κατ’
700 3389 1089 3483 ἀμφοτέρας
1130 3395 1254 3474 τὰς
1299 3396 1661 3481 διαιρέσεις
1699 3401 2032 3483 φαίνεται,
2079 3392 2164 3459 τὰ
2211 3393 2283 3460 δὲ
2312 3399 2568 3482 μεγέθη

253 3502 392 3565 τῶν
441 3497 916 3586 διαστημάτων
961 3499 1162 3585 δῆλον
1207 3490 1313 3565 ὅτι
1360 3492 1435 3564 οὗ
1470 3491 1682 3563 ταῦτα
1730 3495 1798 3563 ἒν
1829 3495 2106 3584 ἑκατέρᾳ
2150 3499 2283 3564 τῶν
2316 3497 2570 3583 διαιρέ-

433 3723 479 3783 1)
516 3717 892 3773 Consonorum
928 3733 1054 3773 vero
1090 3717 1492 3772 intervallorum
1526 3716 1744 3788 μεγέθη
1780 3716 1911 3771 dicit
1954 3722 2028 3786 (p.
2057 3721 2138 3783 80,
2167 3721 2216 3782 2)
2256 3714 2384 3789 ἦτοι
2422 3709 2575 3783 ὅλως

249 3797 362 3861 οὐκ
396 3797 550 3873 ἔχειν
596 3798 788 3858 τόπον
832 3806 977 3864 (nost
1028 3801 1424 3871 ‚,Sp1elraum“)
1473 3794 1626 3867 [ἀλλ’
1662 3796 1699 3872 ἢ
1731 3799 1797 3858 ἐν
1838 3803 2070 3875 μεγέθει
2114 3793 2356 3871 ὥρισται
2398 3803 2574 3858 seclu-

253 3887 453 3953 denda]
489 3883 528 3959 ἢ
563 3890 861 3953 παντελῶς
896 3880 1207 3959 ἀκαριαῖόν
1240 3907 1383 3943 τινα.
1456 3887 1613 3952 Quod
1649 3902 1684 3941 a
1708 3886 2056 3956 Marquardio
2093 3904 2205 3944 non
2237 3888 2573 3943 intellectum

250 3987 377 4030 esse
401 3973 565 4027 docet
589 3971 708 4026 eius
731 3972 925 4028 versio.
990 3972 1100 4027 Cur
1123 3978 1304 4026 autem
1339 3972 1582 4027 additum
1607 3973 1679 4026 sit
1702 3967 1738 4044 ἢ
1763 3978 2059 4039 παντελῶς
2095 3967 2404 4046 ἀκαριαῖόν
2427 3993 2573 4039 τινα,

248 4074 354 4127 pro
392 4062 542 4112 certo
580 4057 761 4112 dicere
797 4073 1033 4126 nequeog
1072 4057 1168 4111 sed
1202 4058 1257 4110 id
1293 4058 1470 4126 ipsum
1507 4063 1743 4112 testatur
1778 4074 2039 4113 summam
2066 4063 2119 4112 et
2142 4059 2351 4114 aurium
2389 4064 2443 4113 et
2477 4075 2571 4114 ex-

248 4143 587 4214 planationis
623 4142 977 4197 subtilitatem
1011 4143 1187 4197 fuisse
1218 4143 1274 4196 in
1311 4143 1535 4198 musico.
