3177 4960
619 349 741 410 326
1578 349 1736 419 Hugo
1770 347 1962 404 Jusatz

617 527 1001 608 παραίτιον,
1025 522 1275 589 scribae
1307 541 1520 588 errore
1546 519 1841 605 Euripidi
1872 518 2200 586 addictum
2225 539 2367 588 esse
2391 526 2565 590 ratus
2591 521 2908 590 Dobraeus

617 625 982 692 Philemoni
1026 624 1265 690 tribuit.
1357 624 1623 690 Restant
1651 641 1806 689 vero
1839 622 1900 687 in
1937 621 2166 689 Oresta
2210 628 2275 689 et
2304 622 2579 691 Bacchis
2625 624 2909 706 exempla

620 729 805 812 trina,
850 746 1046 793 unum
1091 726 1156 791 in
1187 724 1328 808 Iph.
1362 726 1504 791 Aul.
1541 723 1740 809 (quod
1774 744 1919 791 cum
1964 724 2257 792 versibus
2303 715 2534 794 vicinis
2581 728 2904 804 (465-68)

619 829 881 897 seclusit
926 825 1340 909 Dindorfius),
1387 846 1553 910 quae
1598 833 1773 894 recte
1817 846 1886 893 se
1931 826 2171 893 babere
2216 827 2543 895 videntur:

792 930 898 997 Or.
975 932 1131 995 248:
1179 926 1238 993 εἰ
1297 920 1362 992 δ’
1415 922 1653 1011 ἄλοχον
1700 922 1931 1014 ἄγεται
1944 979 1962 1009 ,
2009 926 2209 994 κακὸν
2255 927 2417 1010 ἔχων
2462 921 2603 1014 ἥκει
2647 933 2826 1015 μέγα.

830 1082 857 1111 ,,
973 1037 1128 1099 643:
1176 1028 1217 1095 οἳ
1251 1023 1315 1096 δ’
1354 1029 1605 1115 ἔλαβες,
1653 1023 1931 1112 ἇπόὸος,
1979 1028 2237 1117 πατρὸς
2269 1029 2431 1113 ἐμοῦ
2463 1029 2686 1116 λαβὼν
2717 1030 2905 1116 πάρα.

831 1184 857 1212 ,,
936 1138 1129 1201 1603:
1174 1137 1284 1199 καὶ
1349 1133 1608 1221 σφάγια
1652 1131 1783 1219 πρὸ
1834 1132 2031 1217 δορὸς
2075 1133 2497 1217 καταβάλοις.
2555 1137 2684 1200 ΟΡ.
2731 1132 2806 1201 σὺ
2848 1127 2901 1198 δ’

1180 1225 1260 1303 ὃν
1304 1237 1553 1319 nahas,-

792 1338 1026 1407 Baech.
1188 1345 1301 1407 57:
1348 1338 1628 1423 ἐκόμισα
1683 1338 2059 1425 παρέδρους
2101 1340 2210 1405 καὶ
2259 1337 2712 1424 ξυνεμπόρους
2756 1339 2910 1423 ἐμοί.

1143 1447 1298 1509 494:
1347 1439 1525 1527 ἱερὸς
1556 1438 1592 1508 ὅ
1629 1440 2007 1525 πλόκαμος·
2038 1444 2136 1527 τῷ
2165 1444 2314 1527 θεῷ
2345 1435 2407 1507 δ’
2450 1436 2650 1509 αὐτὸν
2679 1446 2910 1530 τρέφω.

1112 1551 1304 1611 1110:
1352 1548 1785 1628 προσέθεσαν
1844 1543 2040 1631 ἐλάτῃ
2099 1537 2617 1622 κάξανέσπασαν
2660 1545 2912 1629 χθονός.

790 1648 933 1734 Iph.
967 1650 1112 1715 Aul.
1146 1651 1301 1714 466:
1351 1639 1426 1713 οὗ
1474 1645 1705 1725 §vverde
1753 1657 2071 1723 συνετῶς·
2120 1646 2221 1713 ἔτι
2263 1646 2387 1733 γάρ
2436 1646 2577 1714 ἔστι
2624 1647 2875 1734 νήπιος.

793 1752 1209 1819 Inveniuntur
1251 1758 1464 1819 autem
1526 1753 1592 1817 in
1637 1751 1882 1818 eisdem
1939 1751 2175 1818 fabulis
2235 1752 2436 1819 tribus
2483 1753 2817 1837 extremis,
2858 1753 2915 1817 in

624 1855 854 1938 quibus
885 1856 1041 1921 solis
1071 1853 1282 1922 thesin
1313 1855 1568 1919 tertiam
1616 1859 1761 1936 post
1806 1854 2064 1937 longam
2098 1874 2225 1920 non
2270 1853 2710 1922 intercedente
2742 1855 2914 1921 semi-

623 1957 918 2039 quinaria
973 1956 1248 2023 solutam
1294 1974 1438 2022 esse
1483 1956 1922 2038 cognovimus.
2012 1955 2258 2021 Eodem
2303 1962 2519 2023 autem
2577 1957 2713 2024 fere
2775 1963 2915 2023 tem·

619 2077 777 2143 pore
835 2079 877 2124 a
921 2055 1243 2143 Sophocle
1300 2058 1655 2139 composita
1711 2064 1809 2124 est
1866 2056 2257 2141 Philocteta,
2313 2059 2378 2124 in
2440 2078 2566 2143 qua
2623 2079 2685 2124 v.
2740 2061 2917 2123 1420:

621 2154 968 2223 ἀθάνατον
1013 2151 1251 2243 ἀρετὴν
1297 2156 1505 2239 ἔσχον,
1555 2152 1647 2235 ὥς
1690 2151 1991 2243 πάρεσθ’
2044 2153 2243 2240 ὄρᾶν;
2291 2152 2530 2245 ἀρετὴν
2575 2181 2721 2228 cum
2767 2162 2917 2227 Mus·

619 2263 883 2345 gravius
942 2268 1008 2328 et
1049 2261 1357 2328 Martinus
1415 2262 1735 2347 exemplis
1781 2263 2033 2329 collatis
2080 2263 2674 2346 comprobaverint,
2731 2264 2917 2330 invito

622 2364 915 2432 Meklero
960 2370 1132 2430 recte
1177 2382 1247 2430 se
1294 2362 1534 2431 habere
1580 2362 1853 2431 confido.
1942 2365 2172 2448 Itaque
2217 2372 2286 2431 ut
2330 2366 2476 2432 illos
2522 2384 2785 2450 versus,
2840 2366 2918 2431 ita

619 2467 736 2537 hos
784 2466 1226 2551 delegabimus
1271 2464 1357 2533 ad
1401 2472 1608 2534 metra
1651 2457 2190 2553 ἆπεμφαίνοντα.

789 2571 957 2637 Ante
1015 2570 1538 2653 semiquinariam
1597 2570 1793 2653 igitur
1848 2570 2037 2637 tertia
2080 2571 2242 2637 arsis
2299 2571 2496 2653 longa
2540 2570 2920 2638 conferenda

622 2674 741 2740 erit
785 2678 897 2740 aut
939 2673 1024 2738 ad
1070 2673 1341 2739 alteram
1386 2668 1628 2753 thesin,
1676 2691 1819 2737 cum
1865 2672 2077 2755 prima
2119 2673 2409 2758 solvitur,
2454 2678 2566 2738 aut
2608 2671 2695 2739 ad
2744 2672 2920 2755 hanc,

618 2794 762 2842 cum
807 2775 924 2840 illa
966 2776 1205 2859 accipit
1248 2772 1651 2841 solutionem.

793 2875 1050 2942 Primae
1116 2895 1273 2942 vero
1334 2876 1495 2942 arsis
1561 2873 1899 2957 longitudo
1956 2876 2471 2960 compensatione
2527 2896 2656 2944 non
2714 2879 2917 2961 utique

622 2995 814 3060 egere
874 2996 1082 3060 neque
1140 2978 1277 3043 eius
1336 2978 1500 3042 ratio
1556 2995 1811 3061 semper
1867 2975 2168 3044 habenda
2212 2996 2353 3044 esse
2398 2977 2676 3046 videtur.
2767 2979 2917 3046 Nam

618 3086 688 3146 ut
741 3080 809 3146 in
869 3079 1168 3145 trimetris
1226 3078 1309 3143 ab
1368 3084 1720 3160 anapaesto
1777 3078 2232 3163 incipientibus
2277 3080 2550 3163 aliisque
2596 3082 2845 3164 metris,
2885 3100 2921 3146 a

618 3183 848 3266 quibus
893 3201 1116 3249 versus
1174 3179 1566 3265 periodusve
1623 3180 1876 3266 incipit,
1936 3182 2025 3246 ita
2069 3181 2136 3246 in
2181 3183 2388 3264 primo
2448 3183 2722 3250 trimetri
2765 3183 2916 3269 pede

622 3284 866 3368 dactyli
910 3286 1106 3368 longa
1136 3289 1479 3351 excusatur
1508 3284 1837 3350 anacrusis
1883 3282 2248 3367 rhythmico
2294 3287 2569 3370 tempori
2613 3306 2743 3353 non
2786 3287 2917 3353 sub-

618 3388 822 3454 iectae
867 3386 1181 3453 libertate.

790 3487 952 3554 Sunt
994 3493 1213 3554 tamen
1258 3495 1432 3556 certe
1477 3507 1702 3555 versus
1751 3487 2046 3573 quidam,
2107 3490 2172 3554 in
2230 3488 2460 3571 quibus
2508 3490 2673 3556 arsis
2731 3489 2919 3573 prima

626 3594 1070 3673 compensatur
1129 3588 1295 3658 thesi
1355 3596 1692 3674 sequente,
1762 3589 1909 3658 dico
1969 3591 2256 3657 trimetra
2311 3611 2353 3656 a
2409 3589 2782 3658 choriambo
2837 3592 2920 3654 in·

624 3691 946 3776 cipientia.
1034 3692 1268 3776 Liquet
1324 3695 1493 3760 enim
1550 3691 1761 3759 thesin
1818 3692 2094 3777 primam
2150 3693 2412 3760 brevem
2470 3713 2600 3760 non
2661 3692 2922 3761 conferri

620 3792 707 3858 ad
730 3793 902 3859 arsin
947 3794 1217 3877 tertiam,
1263 3796 1503 3879 quippe
1550 3814 1717 3878 quae
1761 3794 1827 3860 in
1874 3795 2074 3862 tribus
2107 3796 2444 3880 exemplis,
2491 3814 2660 3878 quae
2692 3800 2918 3876 extant,

622 3895 706 3961 sit
747 3895 981 3963 brevis.
1073 3894 1234 3962 Sunt
1277 3904 1493 3963 autem
1536 3898 1665 3964 loci
1711 3895 1812 3963 hi:

790 3996 967 4082 Sept.
1017 3997 1173 4063 488:
1213 3990 1733 4079 Ἱππομέδοντος
1770 3997 1781 4081 Ι
1822 3999 2040 4085 σχῆμα
2084 3999 2195 4064 καὶ
2239 4002 2444 4082 μέγας
2487 3991 2758 4077 κτύπος.

859 4148 885 4177 „
1015 4103 1170 4165 547:
1218 4103 1751 4181 Παρθενοπαῖος
1790 4105 1800 4178 Ι
1836 4095 2105 4184 Ἀρκάς·
2151 4095 2187 4167 ὃ
2237 4100 2307 4166 δὲ
2352 4094 2614 4168 τοιόσδ’
2670 4094 2848 4186 ἀνήρ.
