3177 4960
505 341 625 400 176
1469 341 1630 410 Hugo
1664 340 1852 417 Jusatz

501 516 838 601 opiniones
882 517 948 581 in
979 521 1271 582 veterum
1302 514 1730 599 rhythmicam
1773 515 2102 581 inferrent.
2190 514 2278 581 Ut
2322 515 2494 580 enim
2539 516 2819 582 musicos

499 625 751 685 nostros
794 618 1095 684 viderant
1138 617 1687 702 comprehendere
1732 637 1858 683 uno
1904 622 2077 683 tactu
2094 666 2112 702 ,
2158 635 2351 698 quem
2394 619 2819 700 compositum
2888 644 2894 651 ·

501 722 855 805 appellant,
901 740 1200 787 numeros
1231 722 1596 806 complures
1622 714 1840 805 spatio
1866 739 2128 803 aequos,
2175 720 2268 785 ita
2299 720 2363 784 in
2395 718 2491 785 eis
2520 719 2818 804 pedibus,

504 843 663 906 quos
705 823 1132 889 Aristoxenus
1175 828 1369 889 vocat
1412 824 1874 910 compositqsn.
1899 822 2102 906 pedes
2147 827 2259 887 aut
2300 827 2532 888 natura
2573 842 2816 906 aequos

501 927 716 993 inesse
743 926 1218 991 arbitrabantur
1248 931 1360 990 aut
1401 932 1540 991 arte
1585 924 2065 1021 exaequandos.
2152 924 2321 989 Nam
2368 926 2621 1007 quoties
2666 925 2817 992 dac-

500 1028 702 1111 tylum
735 1028 900 1094 inter
928 1026 1286 1113 trochaeos,
1332 1028 1497 1094 iuter
1533 1026 1829 1110 dactylos
1872 1025 2244 1093 trochaeum
2272 1061 2357 1071 -
2382 1026 2465 1091 de
2509 1026 2612 1094 his
2644 1028 2816 1093 enim

500 1131 813 1213 imprimis
869 1130 1145 1214 pedibus
1186 1136 1285 1196 est
1326 1130 1407 1196 lis
1453 1164 1534 1174 -
1580 1130 1906 1196 invenisse
1951 1129 2077 1194 sibi
2120 1128 2538 1212 videbantur,
2600 1131 2819 1195 statim

501 1233 584 1298 ab
632 1233 807 1298 omni
864 1232 1267 1298 dubitatione
1319 1237 1524 1297 tutum
1569 1251 1648 1297 ac
1703 1231 2008 1314 principii
2053 1232 2253 1296 instar
2297 1231 2428 1297 illis
2474 1239 2641 1315 erat,
2701 1251 2815 1298 eos

500 1334 703 1420 pedes
746 1335 833 1400 ad
877 1354 1278 1401 communem
1328 1353 1695 1400 mensuram
1738 1353 1883 1400 esse
1925 1333 2344 1399 revocandos.

673 1435 857 1515 Quae
901 1437 1121 1521 opinio
1178 1437 1271 1502 ita
1313 1442 1560 1502 tantum
1603 1438 1670 1502 in
1715 1435 2009 1512 diversas
2051 1441 2268 1521 partes
2313 1435 2814 1519 disceptabatur,

501 1544 573 1604 ut
617 1545 1030 1622 quaereretur
1046 1589 1062 1621 ,
1106 1544 1319 1604 utrum
1362 1537 1705 1605 trochaeus
1752 1538 2031 1622 dactylis
2074 1536 2437 1603 traheretur
2479 1537 2566 1603 ad
2610 1537 2814 1622 pedes

502 1646 880 1708 tetrasemos
924 1662 1009 1707 an
1066 1640 1362 1726 dactylus
1418 1646 1796 1724 sequeretur
1843 1641 2132 1726 spatium
2194 1640 2542 1707 trisemum.
2641 1640 2814 1705 Illud

501 1744 810 1809 volebant
862 1744 1117 1828 pridem
1162 1744 1223 1810 J.
1269 1743 1348 1808 H.
1396 1743 1693 1826 VossiuS,
1753 1763 1835 1809 ex
1888 1743 2349 1809 recentioribus
2392 1742 2452 1808 J.
2501 1742 2579 1806 H.
2622 1740 2702 1806 H.
2749 1748 2814 1808 et
2905 1821 2920 1834 ο

500 1844 754 1910 Maurit.
787 1844 1151 1925 Schmidtii,
1197 1865 1341 1912 cum
1379 1844 1652 1911 Lehrsio
1699 1845 2002 1930 discipuli
2044 1843 2397 1911 Bernhard.
2445 1844 2703 1910 Brillius
2749 1849 2816 1909 et

503 1943 580 2011 Ο.
611 1945 1021 2032 Meissnerus,
1063 1947 1213 2030 alii;
1259 1946 1383 2013 hoc
1421 1953 1639 2013 autem
1682 1952 2032 2031 praeeunte
2062 1947 2297 2030 Apelio
2327 1946 2812 2012 Bellermannus

504 2052 570 2112 et
613 2048 676 2112 ei
732 2048 1045 2131 imprimis
1061 2097 1077 2128 ,
1136 2049 1249 2130 qui
1293 2050 1464 2115 circa
1506 2048 1974 2115 Rossbachium
2018 2055 2083 2114 et
2124 2046 2597 2130 Westphalium
2640 2054 2811 2132 sunt;

503 2149 602 2214 illi
641 2151 843 2216 nostri
875 2170 1026 2216 usus
1055 2151 1369 2216 rationem
1398 2169 1470 2216 se
1513 2149 1756 2217 habere
1798 2150 2072 2234 professi
2102 2156 2266 2234 sunt,
2312 2150 2381 2215 hi
2419 2169 2573 2216 vero
2618 2149 2812 2216 docu-

503 2257 721 2317 menta
773 2253 990 2335 potius
1047 2272 1084 2318 e
1141 2251 1546 2337 rhythmicae
1605 2259 1671 2318 et
1728 2255 2032 2319 metricae
2087 2253 2417 2320 doctrinae
2475 2252 2812 2320 ruderibus

503 2360 879 2437 protraxere
911 2360 975 2420 et
997 2355 1082 2421 ad
1113 2374 1297 2421 usum
1329 2374 1511 2421 suum
1545 2355 2074 2435 conformavere„
2134 2356 2191 2420 A
2224 2356 2455 2438 quibus
2493 2355 2813 2439 imprimis

503 2456 803 2541 Dionysii
855 2457 1002 2525 Hal.
1047 2459 1225 2527 locus
1268 2458 1378 2537 (de
1422 2477 1630 2542 comp.
1677 2458 1854 2525 verb.
1902 2478 1956 2525 c.
2009 2458 2108 2535 17)
2157 2457 2239 2524 de
2282 2462 2654 2544 anapaesto,
2700 2459 2812 2541 qui

503 2559 837 2627 dicebatur
901 2558 1134 2638 κύκλος
1198 2564 1317 2640 (sic
1370 2564 1541 2629 enim
1598 2563 1906 2646 scriptum
1963 2568 2061 2627 est
2125 2562 2191 2625 in
2253 2561 2583 2627 codicibus
2599 2611 2617 2644 ,
2683 2582 2813 2628 non

502 2659 788 2739 κύκλιος)
834 2670 899 2731 et
942 2667 1107 2731 alius
1150 2666 1332 2731 locus
1377 2672 1456 2740 (c.
1490 2668 1597 2743 20)
1615 2714 1632 2746 ,
1693 2665 1804 2747 qui
1849 2670 1947 2731 est
1989 2663 2072 2730 de
2118 2663 2379 2748 dactylo
2424 2669 2717 2747 correpto
2743 2665 2810 2746 ¹),

504 2765 674 2831 male
717 2769 974 2832 tractati
1005 2768 1113 2844 (cf.
1139 2766 1331 2853 Spiro
1363 2768 1496 2833 Der
1523 2767 1711 2851 kykl.
1744 2767 2060 2850 Dactylus
2093 2766 2226 2832 und
2271 2766 2379 2832 die
2423 2766 2583 2833 lesb.
2605 2766 2814 2850 Lyrik

503 2868 570 2931 in
598 2865 880 2934 Hermae
910 2870 1037 2933 vol.
1069 2868 1297 2934 XXIII
1325 2889 1388 2952 p.
1422 2873 1549 2935 234
1578 2873 1744 2953 sqq.)
1783 2876 1850 2937 et
1892 2889 2058 2953 quae
2101 2868 2276 2953 apud
2305 2888 2696 2951 anonymum
2727 2869 2812 2935 de

503 2969 752 3036 musica
778 2990 821 3035 a
849 2969 1300 3037 Bellermanno
1334 2971 1574 3037 editum
1607 2971 1689 3037 de
1720 2973 1930 3055 longis
1960 2972 2485 3054 temporibusque
2514 2972 2811 3037 inanibus
2855 2976 2861 2981 ’

504 3070 751 3137 disemo
817 3073 1216 3155 longioribus
1275 3080 1525 3156 extant,
1593 3074 1890 3141 licentius
1944 3074 2239 3140 adhibita
2294 3073 2395 3149 (cf.
2454 3072 2811 3140 Buchholtz

502 3175 569 3239 iu
614 3172 849 3241 Philol.
896 3177 1025 3242 vol.
1054 3175 1347 3240 XXXIII
1369 3196 1432 3258 p.
1465 3179 1634 3254 461).
1724 3177 1928 3243 Tertii
1972 3184 2205 3258 autem,
2250 3177 2429 3241 velut
2472 3174 2808 3259 ChristiuS,

644 3341 649 3352 ’
681 3346 728 3407 1)
765 3342 1135 3411 Westphalius
1171 3356 1319 3396 nunc
1355 3343 1575 3397 tandem
1609 3342 1791 3406 (Metr.
1829 3342 1911 3398 ed.
1946 3343 2027 3396 111
2051 3358 2106 3411 p.
2137 3348 2218 3409 19)
2252 3342 2530 3410 intellexit,
2563 3343 2811 3397 locorum

502 3423 718 3480 illorum
752 3426 1136 3481 auctoritatem
1170 3442 1280 3481 non
1314 3428 1459 3481 ultra
1492 3426 1566 3492 id,
1605 3427 1749 3494 quod
1774 3428 2065 3497 Dionysius
2100 3432 2289 3496 aperte
2324 3427 2565 3495 tradidit,
2598 3429 2808 3496 patere.

502 3509 694 3579 Itaque
730 3510 780 3564 ei
812 3510 1044 3565 libenter
1076 3512 1408 3582 adstipulor‚
1456 3517 1520 3565 ut
1553 3512 1772 3566 credam
1816 3513 2153 3582 dactylorum
2186 3514 2332 3568 thesi
2366 3516 2614 3583 correpta
2648 3517 2809 3567 uten-

502 3595 637 3648 tium
671 3610 832 3650 usum
866 3596 1137 3665 pertinere
1173 3598 1243 3651 ad
1277 3597 1671 3667 rhapsodorum
1708 3598 2169 3666 declamationem,
2206 3615 2330 3653 cum
2364 3598 2675 3653 hexametra
2705 3589 2811 3652 'aut

502 3680 709 3736 animos
744 3680 1052 3735 excitatura
1085 3687 1182 3735 aut
1217 3687 1421 3739 motum
1470 3685 1803 3739 concitatum
1848 3684 2027 3738 verbis
2072 3685 2340 3739 imitantia
2374 3683 2609 3738 alacrius
2645 3699 2807 3752 quam

504 3781 603 3834 pro
628 3765 791 3821 solita
811 3767 1025 3833 generis
1057 3768 1219 3836 aequi
1251 3769 1517 3836 gravitate
1552 3769 1832 3823 recitanda
1866 3761 2053 3824 erant.
2098 3771 2164 3823 In
2187 3770 2307 3824 aliis
2330 3784 2455 3824 vero
2480 3769 2806 3824 hexametris

505 3856 558 3916 (λ
582 3854 700 3918 592)
735 3854 959 3907 auctore
994 3852 1256 3921 Dionysio
1290 3853 1480 3907 insunt
1515 3858 1812 3911 σπονδεῖοι
1847 3852 1905 3911 οἱ
1937 3854 2199 3927 μέγιστοι
2232 3860 2286 3908 et
2320 3851 2534 3926 ῥυθμοὶ
2556 3851 2620 3910 ἐν
2641 3849 2807 3925 μήκει

503 3930 918 4007 θεωρούμενοι,
954 3938 1164 4008 quoties
1187 3938 1506 4007 gravitatem
1540 3939 1812 4008 quandam
1834 3942 1999 4009 atque
2022 3940 2215 3996 molem
2249 3937 2571 4006 exprimunt.
2632 3938 2807 4006 Quae-

502 4024 641 4077 ritur
674 4030 872 4089 autem,
907 4039 1038 4077 num
1069 4023 1126 4077 in
1163 4038 1270 4094 qua
1292 4039 1352 4079 re
1375 4024 1603 4092 vestigia
1634 4025 1803 4079 insint
1836 4025 2265 4080 irrationalitatis
2299 4023 2462 4089 illius,
2498 4040 2629 4078 num
2662 4024 2804 4079 forte

501 4110 560 4163 in
594 4108 845 4165 brevibus
879 4109 937 4162 in
971 4108 1078 4164 duo
1114 4110 1279 4164 verba
1312 4127 1422 4166 non
1457 4116 1574 4164 arte
1611 4125 1818 4166 conexa
1852 4111 2165 4180 dispertitis.
