3177 4960
948 322 1032 376 De
1063 322 1475 378 irrationalitate
1508 321 1692 378 studia
1723 322 2042 393 rhythmica.
2529 325 2559 381 1
2572 323 2649 380 79

341 497 730 579 Messungen
786 497 991 580 praef.
1051 516 1114 579 p.
1161 496 1287 581 XI,
1346 503 1413 563 et
1465 497 1540 562 Β.
1585 497 1850 562 Brillius
1894 495 2176 562 Aristox.
2237 495 2333 561 rh.
2367 517 2426 561 u.
2465 503 2648 563 metr.

342 600 757 682 Messungen)
785 604 1012 682 poetas
1044 599 1338 683 liberare,
1373 600 1615 666 crimen
1645 601 1711 665 in
1734 600 2106 665 Aristoxeni
2136 598 2492 665 doctrinam
2523 621 2650 666 non

346 703 473 768 iam
531 703 689 768 satis
745 703 1108 768 absolutam
1168 702 1451 787 deferre3
1521 722 1740 770 omnes
1807 709 2022 769 autem
2091 701 2318 768 eadem
2382 702 2651 769 libidine

340 824 585 872 vexare
628 810 851 887 metra,
901 805 1246 871 dummodo
1282 807 1558 872 tactibus
1587 806 2049 889 adaptarentur
2078 805 2647 890 qualibuscunque.

342 906 487 985 Quo
535 926 731 991 saepe
775 908 1017 973 factum
1063 913 1183 989 est,
1244 915 1313 973 ut
1367 909 1553 974 metri
1615 909 1894 993 spatium
1937 907 2209 973 aliarum
2255 908 2651 992 syllabarum

342 1010 749 1094 correptione
795 1010 1138 1076 arbitraria
1166 1016 1562 1076 attenuatum
1600 1010 2019 1094 productione
2064 1009 2266 1076 thesis
2296 1010 2509 1077 finalis
2553 1032 2651 1077 re-

339 1110 657 1178 ficeretur.
746 1112 934 1178 Hunc
972 1112 1036 1177 in
1069 1112 1331 1178 modum
1377 1112 1803 1178 venditabant
1831 1111 2044 1178 adhuc
2074 1112 2460 1197 glyconeum
2491 1114 2650 1179 alia-

341 1233 468 1298 que
513 1214 831 1282 eiusmodi
877 1220 1111 1297 metra,
1160 1216 1392 1298 quibus
1436 1216 1600 1282 arsis
1645 1216 1872 1280 ultima
1916 1215 2144 1281 deesse
2188 1215 2477 1299 videtur,
2524 1216 2650 1281 fur-

341 1319 478 1383 tivo
521 1318 780 1383 nomine
826 1317 1208 1401 logaoedica
1250 1319 1610 1402 appellata,
1665 1337 1935 1400 quorum
1983 1318 2432 1383 brevissimum
2478 1319 2648 1386 dice-

340 1420 498 1485 bant
557 1439 697 1487 esse
755 1418 1217 1486 choriambum.
1307 1419 1476 1498 Quin
1520 1425 1702 1486 erant
1759 1421 1868 1504 qui
1916 1419 2270 1486 choriambi
2314 1441 2652 1488 mensurae

339 1521 679 1589 addendos
724 1541 869 1589 esse
913 1524 1554 1614 censerent‘ionicos.
1571 1526 1613 1600 ¹)
1701 1524 1872 1588 Raro
1917 1529 2131 1588 autem
2177 1524 2478 1606 extitere,
2541 1526 2652 1608 qui

340 1623 637 1690 doctrina
680 1625 805 1691 ista
848 1632 1149 1709 corrupta
1191 1646 1270 1692 ac
1314 1632 1520 1691 metra
1563 1624 1968 1691 adulterante
2013 1644 2084 1691 se
2128 1625 2534 1709 abdicarent,
2582 1633 2653 1691 ut

340 1724 514 1791 Guil.
547 1727 791 1794 Velcke
835 1727 962 1805 (De
999 1734 1341 1794 metrorum
1387 1727 2102 1811 polyschematistorum
2145 1734 2375 1796 natura
2402 1729 2649 1812 Marbg.

348 1830 512 1892 1877
541 1850 605 1913 p.
640 1829 766 1905 50).
857 1830 1093 1896 Verum
1137 1829 1648 1914 derelinquenda
1689 1829 1950 1896 tandem
1992 1849 2255 1914 prorsus
2301 1836 2399 1897 est
2428 1829 2651 1913 rhyth-

340 1932 512 1997 mica
554 1931 670 1997 illa
713 1931 1006 1998 doctrina
1048 1928 1552 2019 μονόῤῥυθμος,
1612 1933 1768 1998 satis
1813 1931 2154 1998 commoda
2197 1933 2323 1998 ista
2367 1933 2651 2017 quidem,
2737 2010 2748 2023 .

343 2033 462 2099 sed
506 2053 628 2100 nec
671 2055 813 2101 cum
859 2036 1227 2119 praeceptis
1271 2035 1717 2101 Aristoxeneis
1772 2054 1893 2101 nec
1951 2055 2093 2102 cum
2137 2041 2473 2119 poetarum
2530 2056 2652 2102 usu

344 2137 750 2204 conveniens.

515 2239 620 2305 Ad
647 2239 984 2305 libidinem
1031 2245 1244 2307 autem
1290 2242 1357 2305 in
1388 2239 1707 2324 rhythmis
1752 2240 2158 2323 explicandis
2196 2245 2260 2324 et
2289 2241 2652 2307 inconstan-

341 2344 520 2425 tiam,
568 2361 734 2425 quae
765 2342 895 2407 iam
939 2342 1411 2409 inveterascere
1443 2343 1762 2425 videntur,
1809 2341 2254 2408 illustrandam
2299 2348 2495 2426 atque
2539 2363 2652 2409 no-

341 2444 605 2511 tandam
663 2445 948 2511 maxime
1009 2445 1312 2513 idoneum
1372 2450 1500 2528 est,
1557 2444 1729 2529 quod
1776 2443 2020 2528 dactyli
2064 2445 2256 2528 cyclii
2301 2445 2651 2514 acerrimus

345 2549 500 2613 olim
558 2551 1014 2631 propugnator
1050 2546 1492 2632 Westphalius
1548 2566 1752 2632 nuper
1806 2544 1950 2624 (Rh.
1984 2546 2085 2612 ed.
2117 2547 2214 2611 III
2255 2568 2319 2631 p.
2353 2550 2478 2612 292
2510 2568 2651 2632 sqq.

345 2657 410 2716 et
437 2649 619 2715 Metr.
652 2650 754 2716 ed.
785 2651 883 2714 III
909 2671 972 2734 p.
1007 2651 1133 2735 26),
1181 2670 1324 2716 cum
1356 2670 1491 2716 rem
1523 2650 1619 2716 eis
1649 2649 1948 2715 sustineri
1988 2668 2115 2713 non
2145 2669 2337 2732 posse
2368 2650 2652 2733 sentiret,

345 2752 579 2835 quibus
636 2771 752 2838 per
809 2753 955 2836 plus
1011 2752 1277 2836 triginta
1333 2771 1535 2818 annos
1585 2753 1763 2817 nisus
1809 2756 1975 2835 erat,
2036 2751 2118 2817 ab
2164 2752 2653 2820 irrationalitate

345 2854 633 2937 confugit
672 2854 761 2920 ad
803 2874 1077 2938 agogen,
1122 2875 1240 2939 per
1284 2874 1477 2938 quam
1524 2854 1843 2937 dactylus,
1891 2855 2002 2937 qui
2045 2853 2302 2920 videtur
2331 2854 2653 2923 trochaeis

347 2975 490 3023 esse
535 2956 860 3023 admixtus
920 2957 987 3022 in
1030 2958 1252 3024 metris
1308 2957 1990 3041 pseudologaoediciS,
2047 2956 2133 3022 ad
2176 2977 2297 3041 par
2347 2960 2655 3042 temporis

344 3059 623 3143 spatium
660 3059 1078 3143 redigeretur.
1166 3061 1394 3144 Itaque
1424 3060 1491 3124 in
1520 3060 1859 3144 glyconeo,
1892 3058 2120 3125 eodem
2151 3060 2400 3126 scilicet
2428 3067 2654 3143 metro,

346 3167 574 3245 quater
616 3162 850 3227 mutari
895 3161 1099 3228 credit
1141 3182 1414 3246 agogen,
1461 3163 1770 3247 temporis
1814 3167 2026 3227 autem
2070 3162 2260 3245 primi
2305 3183 2433 3228 non
2462 3183 2654 3229 unam

346 3268 560 3331 inesse
590 3264 895 3347 speciem,
940 3265 1135 3331 immo
1166 3270 1314 3332 tres.
1405 3263 1625 3342 Quid?
1656 3265 1754 3330 vir
1784 3264 1851 3328 in
1880 3265 2241 3347 praeceptis
2271 3263 2656 3348 rhythmicis

345 3365 822 3433 versatissimus
866 3387 1077 3433 nonne
1122 3367 1415 3433 meminit
1457 3367 1586 3432 loci
1633 3366 1806 3431 illius
1853 3364 2050 3448 (apud
2087 3365 2281 3432 Psell.
2327 3368 2366 3444 ξ
2401 3371 2481 3451 1),
2530 3388 2655 3451 quo

344 3469 770 3537 Aristoxenus
816 3471 1118 3554 exponit,
1176 3490 1287 3536 cur
1331 3470 1585 3553 syllaba
1628 3487 1963 3535 mensurae
2009 3468 2259 3535 vicibus
2304 3470 2483 3553 fungi
2527 3492 2656 3538 non

524 3675 573 3738 1)
607 3670 1003 3726 Heimsoethius
1040 3670 1143 3737 (De
1165 3686 1420 3727 versuum
1453 3670 1756 3727 ionicorum
1780 3684 2035 3723 mensura
2056 3687 2111 3739 p.
2140 3674 2189 3735 3)
2224 3670 2523 3725 ionicorum
2559 3674 2657 3727 tri-

345 3757 603 3828 pertitam
636 3756 782 3822 (sicl)
815 3770 1121 3812 mensuram
1159 3761 1214 3812 et
1245 3756 1476 3812 alienam
1511 3756 1732 3811 omnino
1756 3771 1791 3810 a
1812 3770 2063 3811 versuum
2100 3755 2352 3825 rhythmo
2382 3772 2503 3812 esse
2526 3773 2659 3814 con-

345 3843 522 3898 tendit
556 3846 614 3896 et
645 3841 842 3911 pedum
888 3842 1102 3897 illorum
1146 3847 1452 3912 pervertere
1496 3842 1901 3911 proprietatem.
1974 3841 2142 3909 Quasi
2177 3856 2304 3897 vero
2339 3858 2450 3897 non
2483 3844 2657 3912 ipsius

346 3929 533 3998 potius
575 3927 842 3982 mensuris
857 3968 871 3993 ‚
922 3927 1242 3996 praesertim
1290 3943 1414 3982 cum
1460 3927 1623 3982 etiam
1669 3928 1929 3983 bacchios
1982 3925 2366 3996 dochmiosque
2412 3927 2659 3983 iambicis

344 4010 576 4081 pedibus
611 4012 956 4082 numerisque
989 4012 1325 4080 admisceret,
1361 4027 1535 4083 paene
1569 4028 1757 4068 omnes
1791 4017 2032 4069 veterum
2066 4012 2303 4083 rhythmi
2334 4013 2405 4067 ad
2429 4013 2658 4069 eundem

345 4100 556 4153 tactum
588 4103 989 4154 revocarentur.
1254 4111 1259 4116 ’
