3177 4960
644 332 769 393 302
1169 309 1176 316 ⁰
1596 329 1755 399 nugo
1790 329 1980 386 Jnsatz

646 512 889 590 extant,
934 505 1193 572 invenio
1238 503 1459 571 sedem
1505 509 1795 587 quartam
1842 505 2100 586 longam
2145 508 2291 586 post
2335 521 2666 569 caesuram
2711 503 2954 569 centies

648 608 946 691 sexagies
990 606 1251 691 septies,
1298 606 1560 672 brevem
1606 611 1756 672 ante
1801 623 2132 672 caesuram
2174 603 2679 689 undenonagies.

817 710 1019 776 Multo
1061 707 1266 774 rarior
1325 709 1381 773 is
1425 726 1579 774 usus
1626 714 1755 790 est,
1813 726 1940 790 quo
1985 712 2133 792 post
2174 706 2475 789 glyconei
2520 706 2615 772 111
2660 712 2953 789 quartam

649 814 754 880 vel
799 810 1097 879 telesillei
1141 810 1394 876 tertiam
1438 809 1695 892 longam
1746 809 1982 876 desinit
2010 808 2309 891 verbum3
2354 808 2410 874 si
2441 809 2611 875 enim
2655 809 2956 892 exempla

650 913 849 981 dubia
888 912 995 979 vel
1039 931 1076 978 e
1122 911 1491 979 coniectura
1532 910 1823 994 profecta
1865 928 2129 976 numero
2177 908 2804 996 comprehendimus,
2848 910 2954 977 vix

650 1014 1077 1099 quadraginta
1134 1020 1371 1082 extant.
1459 1013 1789 1080 Invenitur
1845 1012 1972 1078 iam
2028 1010 2203 1096 apud
2263 1012 2606 1079 Corinnam
2666 1012 2786 1096 frg.
2846 1016 2951 1078 13:

649 1118 760 1181 καὶ
817 1107 1205 1201 πεντήκοντ’
1259 1105 1605 1198 οὗψιβίας.
1706 1114 1850 1180 Huc
1906 1120 2120 1179 autem
2186 1133 2314 1180 non
2381 1113 2620 1181 cadunt
2683 1114 2952 1197 primum

653 1219 811 1302 loci,
872 1219 937 1283 in
984 1218 1216 1300 quibus
1261 1236 1403 1283 eam
1449 1214 1670 1283 sedem
1717 1221 1894 1282 tenet
1936 1215 2453 1300 monosyllabum
2497 1221 2609 1282 aut
2652 1216 2742 1283 ad
2785 1222 2953 1283 ante·

652 1320 889 1386 cedens
921 1320 1186 1385 verbum
1235 1317 1618 1385 trahendum
1649 1317 1821 1397 (Eur.
1855 1316 2082 1402 Suppl.
2128 1319 2282 1383 961:
2328 1314 2632 1401 πλαγκτὰ
2683 1309 2749 1381 δ’
2800 1312 2957 1383 ὤσει

650 1444 753 1497 τις
784 1419 1056 1506 νεφέλα)
1086 1419 1314 1487 autad
1344 1421 1688 1504 insequens
1718 1420 1939 1504 (Hipp.
1980 1421 2117 1485 148.
2152 1419 2303 1486 Eur.
2334 1419 2559 1504 Suppl.
2592 1424 2739 1488 959.
2776 1423 2953 1486 1006.

649 1525 785 1590 Ion.
833 1527 977 1588 475.
1023 1521 1164 1606 Iph.
1215 1523 1409 1588 Taur.
1457 1527 1603 1606 447,
1660 1522 1740 1590 cf.
1788 1542 1849 1606 p.
1885 1525 2066 1607 274);
2126 1522 2362 1589 deinde
2421 1524 2746 1591 nonnullis
2804 1524 2954 1591 locis

651 1627 846 1709 longa
873 1626 939 1691 in
970 1630 1199 1708 quarta
1242 1623 1398 1692 sede
1441 1626 1656 1707 posita
1699 1631 1798 1692 est
1836 1644 1953 1708 per
1996 1625 2226 1691 falsam
2271 1625 2615 1693 lectionem
2647 1625 2730 1692 ab
2764 1626 2955 1692 edito·

649 1729 826 1795 ribus
870 1729 1009 1794 sive
1055 1727 1321 1792 inlatam
1366 1727 1507 1793 sive
1550 1731 1861 1793 retentam
1910 1725 2073 1811 (Iph.
2119 1727 2314 1794 Taur.
2355 1731 2509 1794 448:
2557 1718 2949 1810 δεξαίμεσθ’

641 1823 951 1904 Ἑλλάδος
997 1825 1065 1892 ἐκ
1107 1828 1227 1911 γᾶς
1271 1828 1542 1912 Aldina,
1591 1819 1943 1908 δεξαίμεθ’
2011 1827 2117 1894 ΡΟ
2160 1834 2368 1912 recte:
2426 1828 2642 1898 deleto
2689 1854 2725 1895 ν
2772 1828 2953 1917 ἐφελ-

650 1930 935 2012 κυστικῷ
964 1929 1208 1995 tollitur
1237 1929 1460 2011 longa:
1494 1929 1642 1995 Eur.
1669 1927 1892 2014 Suppl.
1916 1932 2061 1996 969.
2087 1929 2229 2014 Iph.
2255 1932 2448 1998 Taur.
2483 1934 2626 1999 439.
2652 1932 2794 2018 Iph.
2820 1933 2953 1999 Aul.

653 2033 796 2095 570.
827 2031 946 2112 frg.
983 2033 1127 2113 775,
1161 2032 1284 2105 30).
1351 2030 1620 2097 Restant
1663 2037 1876 2098 autem
1917 2034 2194 2116 primum
2224 2033 2351 2100 loci
2382 2035 2592 2118 pauci,
2641 2037 2707 2101 in
2739 2036 2956 2120 quibus

653 2131 979 2214 utriusque
1024 2130 1328 2215 strophae
1372 2137 1644 2199 metrum
1689 2133 1993 2201 inciditur
2036 2141 2182 2218 post
2227 2141 2517 2218 quartam
2565 2138 2861 2221 longam:

1054 2233 1201 2299 Ant.
1236 2236 1388 2299 811:
1436 2227 1473 2298 ὃ
1520 2231 1920 2319 πάγ-κοινος
1960 2226 2190 2313 Ἅιδας
2223 2234 2246 2320 ΙΙ
2281 2234 2498 2314 ζῶσαν
2545 2231 2693 2323 ἄγει

1126 2354 1204 2395 ω
1237 2337 1388 2401 8283
1434 2340 1549 2400 καί
1593 2360 1694 2402 νιν
1737 2330 1981 2423 ὄμβροι
2012 2338 2035 2420 ΙΙ
2067 2336 2440 2419 τακομέναν

830 2434 972 2520 Iph.
1005 2436 1198 2503 Taur.
1234 2439 1388 2504 432:
1437 2435 1781 2522 πρύ-μναν
1827 2431 2109 2507 εὐναίων
2141 2438 2164 2525 ΙΙ
2198 2440 2549 2529 πηδαλίων

1134 2558 1212 2599 ω
1237 2542 1390 2605 4493
1435 2541 1558 2623 γᾶς
1603 2539 1975 2629 πλωτήρων
2007 2541 2029 2627 ΙΙ
2064 2541 2131 2608 εἴ
2169 2567 2274 2621 τις
2318 2543 2459 2627 ἔβα.

654 2643 807 2706 item
853 2642 920 2706 in
963 2640 1294 2724 glyconeis
1338 2644 1633 2710 anacrusi
1677 2644 2018 2727 praeditis:
2065 2645 2266 2732 Soph.
2298 2648 2399 2713 El.
2448 2651 2605 2714 473:
2651 2650 2766 2715 καὶ
2807 2646 2957 2733 γνώ-

652 2763 784 2822 μας
815 2741 839 2822 ΙΙ
872 2739 1237 2823 λειπομένα
1283 2744 1503 2829 σοφᾶς
1527 2766 1606 2806 ’ν
1630 2748 1784 2811 4893
1839 2740 1882 2809 ἆ
1928 2744 2173 2824 δεινοῖς
2205 2746 2229 2831 ΙΙ
2258 2747 2688 2832 κρυπτομένα
2735 2748 2955 2833 λόχοις,

655 2842 822 2906 Phil.
855 2845 1008 2907 831:
1055 2840 1247 2906 τάνδ’
1285 2842 1537 2929 αἴγλαν,
1572 2845 1596 2930 ΙΙ
1631 2844 1673 2911 ἃ
1703 2846 1976 2914 τέταται
2004 2851 2208 2915 τανῦν
2229 2870 2308 2911 ω
2332 2852 2490 2917 8473
2537 2846 2632 2929 ὥς
2663 2845 2958 2934 πάντωνΙΙ

657 2940 723 3006 ἐν
757 2940 933 3027 νόσῳ
980 2935 1315 3029 εὗδρακής.
1404 2948 1603 3015 Porro
1648 2951 1845 3034 longa
1891 2951 2193 3019 desinens
2239 2954 2590 3038 respondet
2632 2955 2818 3022 brevi
2860 2954 2955 3020 de·

656 3046 916 3112 sinenti:
974 3045 1078 3111 Ai.
1147 3051 1340 3113 1194:
1397 3060 1613 3127 κεῖνος
1669 3046 1872 3137 ἁνήρ,
1921 3052 1943 3137 ΙΙ
1989 3049 2064 3129 ὃς
2123 3056 2564 3140 στυγερῶνω
2599 3060 2793 3123 1187:
2850 3050 2955 3118 τὰν

658 3141 1005 3213 ἄπαυστον
1063 3140 1443 3229 (άπαύσταν
1486 3153 1740 3229 Nauck)
1802 3153 1945 3220 αἰὲν
1993 3151 2172 3238 ἐμοί,
2232 3158 2379 3224 Eur.
2428 3159 2526 3224 El.
2579 3162 2703 3225 729
2729 3180 2802 3221 m
2828 3160 2951 3224 739.

655 3249 798 3318 Hel.
837 3253 1000 3317 1482
1025 3271 1102 3312 cx>
1133 3254 1317 3336 1499,
1362 3254 1480 3337 frg.
1516 3259 1660 3340 775,
1694 3259 2002 3324 22w30.
2075 3257 2244 3338 Quin
2276 3260 2423 3344 loci,
2470 3261 2538 3327 in
2570 3263 2799 3345 quibus
2826 3265 2954 3345 post

656 3354 914 3437 longam
959 3355 1138 3421 illam
1183 3355 1521 3441 inciditur,
1580 3359 1975 3442 respondent
2018 3362 2142 3445 eis,
2202 3362 2313 3444 qui
2360 3382 2696 3430 caesuram
2741 3364 2953 3430 habent

656 3461 805 3520 ante
850 3462 1143 3537 quartam
1202 3458 1494 3541 longam:
1552 3461 1700 3527 Ant.
1755 3465 1949 3527 11243
2003 3454 2303 3549 Ἰσμηνοῦ
2341 3465 2351 3546 Ι
2392 3465 2692 3551 ῥείθρων
2746 3458 2951 3550 ἀγρίου

657 3574 736 3615 Ν
764 3558 958 3620 11353
1007 3548 1371 3634 εὐαζόντων
1401 3560 1425 3642 ΙΙ
1462 3563 1798 3647 Θηβαιας;
1857 3564 2022 3630 Phil.
2072 3568 2226 3632 2053
2283 3564 2520 3650 βάλλει
2559 3568 2569 3652 Ι
2606 3567 2836 3653 βάλλει
2885 3589 2927 3647 μ

661 3654 868 3739 ἐτύμα
897 3676 976 3717 ω
1008 3660 1162 3723 2143
1210 3683 1302 3736 ως
1345 3661 1601 3751 ποιμὴν
1633 3662 1657 3748 ΙΙ
1692 3656 2080 3783 άγροβότας,
2126 3668 2271 3735 fort.
2320 3668 2579 3754 ποιμὴν
2619 3672 2628 3753 Ι
2670 3666 2758 3747 ὥς
2796 3661 2949 3753 dyo:
2909 3715 2949 3749 .,

659 3757 767 3825 Or.
816 3760 969 3824 810.
1021 3756 1231 3825 πάλιν
1278 3754 1522 3851 άνῆλθ
1570 3762 1695 3848 Ιεξ
1738 3758 2039 3849 εὐτυχίας
2081 3761 2731 3854 ἈτρείδαιςΝ8223
2778 3770 2948 3857 ξίφος

659 3881 725 3935 ες
752 3851 956 3943 αὐγὰς
990 3857 1013 3942 ΙΙ
1048 3851 1303 3928 άελίοιο
1338 3863 1580 3987 δεῖξάις
1615 3869 1768 3935 8123
1802 3860 2013 3936 όποτε
2039 3876 2325 3958 χρυσέας
2356 3873 2378 3954 ΙΙ
2411 3858 2581 3960 myst-9³
2620 3874 2754 3960 ε’ρις
2778 3866 2949 3956 ἀρνὸς

661 3961 965 4041 (Πᾶΐ.)ω
991 3962 1143 4029 8243
1191 3967 1620 4052 κακοφρόνων
1660 3974 1670 4048 Ι
1707 3965 1758 4034 τ’
1813 3963 2072 4058 άνδρων
2117 3967 2493 4062 παράνοια;
2548 3977 2772 4063 Suppl.
2817 3976 2953 4043 999·

651 4062 1158 4144 χαλκεοτευχοῦς
1188 4063 1211 4149 ΙΙ
1242 4063 1365 4143 τὰς
1396 4074 1774 4158 Καπανέως
1797 4094 1876 4133 ω
1904 4079 2098 4143 10213
2135 4077 2576 4164 Φερσεφόνας
2616 4078 2626 4162 Ι
2664 4076 2795 4165 ἥξω
2836 4079 2954 4140 θα-
