3177 4960
577 340 702 399 240
1532 339 1693 408 nugo
1727 338 1919 394 Jusatz

582 517 660 579 13
683 514 784 580 W.
815 515 925 594 (de
955 514 1209 583 choreis
1241 513 1762 595 irrationalibus),
1796 513 1862 578 in
1884 513 2116 596 quibus
2147 532 2279 579 vox
2311 503 2609 596 ἀριθμὸς
2638 511 2889 577 inveni-

575 624 708 697 tur;
754 622 1022 701 uterque
1067 618 1236 683 enim
1281 617 1460 683 locus
1502 616 1651 682 luce
1696 634 1902 699 egere»
1932 615 2148 700 potius
2192 613 2352 680 mihi
2396 614 2652 680 videtur
2695 633 2890 697 quam

574 720 785 788 lucem
828 717 1060 786 afferre
1103 719 1268 786 aliis.
2059 784 2064 787 ,

750 820 975 888 Obiter
1029 820 1232 888 affero
1275 822 1489 888 locum
1534 821 1655 904 frg.
1703 819 2113 886 Ambrosiani
2166 839 2229 903 p.
2267 823 2344 883 10
2377 818 2548 886 Keil.
2566 867 2583 902 ‚
2642 820 2752 885 ubi
2806 818 2893 885 de

578 923 1183 1007 proceleusmatico:
1243 926 1421 998 τινες
1467 913 1531 985 δ’
1586 917 1787 987 αὐτὸν
1832 923 1944 986 καὶ
1991 918 2088 998 εἰς
2134 914 2437 1006 ἀριθμὸν
2480 920 2779 1000 καλοῦσι,
2822 923 2892 986 in

579 1044 707 1108 quo
752 1026 911 1092 latet
952 1046 1084 1093 vox
1115 1023 1504 1113 ἰσάριθμος.
1592 1025 1695 1091 Ita
1723 1026 1893 1091 enim
1925 1025 2322 1108 appellatum
2356 1043 2497 1091 esse
2527 1024 2892 1108 proceleus-

581 1127 886 1195 maticum
902 1178 919 1211 ‚
977 1127 1152 1212 quod
1211 1128 1484 1195 eandem
1548 1127 1869 1193 morarum
1929 1146 2241 1193 summam
2301 1128 2369 1192 in
2411 1127 2541 1193 arsi
2586 1132 2781 1209 atque
2824 1126 2894 1190 in

581 1229 749 1296 thesi
796 1229 1011 1314 habet,
1055 1231 1393 1315 probabile
1438 1237 1553 1298 est.

750 1331 885 1397 Sed
914 1332 1257 1400 redeamus
1287 1333 1372 1400 ad
1404 1334 1882 1400 Aristoxenum.
1973 1331 2257 1397 Maxime
2286 1331 2673 1397 laborabant
2700 1331 2893 1397 inter-

581 1440 798 1518 pretes
843 1436 909 1499 in
955 1437 1131 1519 loco,
1193 1437 1303 1519 qui
1349 1443 1446 1503 est
1502 1436 1584 1502 de
1628 1435 1867 1520 pedum
1915 1434 2282 1501 differentia
2324 1429 2492 1498 κατὰ
2541 1431 2891 1520 διαίρεσιν.

579 1538 698 1603 Est
739 1543 955 1604 autem
999 1559 1064 1622 p.
1097 1540 1221 1604 298
1245 1539 1402 1607 Mor.
1433 1568 1521 1590 =
1552 1542 1654 1620 35,
1688 1541 1770 1603 26
1794 1537 1928 1603 W.2
1987 1535 2315 1619 διαιρέσει
2371 1534 2443 1601 δὲ
2491 1534 2896 1622 διαφέρουσι

582 1639 745 1718 (scil.
791 1637 908 1704 δύο
954 1638 1189 1718 πόδες)
1245 1633 1550 1728 ἀλλήλων
1564 1692 1582 1721 ,
1644 1632 1807 1705 ὅταν
1863 1637 1938 1704 τὸ
1990 1631 2149 1704 αὐτὸ
2212 1642 2503 1724 μέγεθος
2549 1636 2647 1715 εἷς
2692 1631 2895 1704 ἄνισα

580 1744 745 1828 μέρη
794 1740 1114 1830 διαιρεθῇ
1158 1737 1308 1832 ἤτοι
1351 1741 1501 1809 κατ’
1540 1737 1909 1830 ἀμφότερα,
1956 1739 2125 1807 κατά
2168 1764 2243 1806 τε
2271 1739 2389 1806 τὸν
2435 1733 2738 1826 ἀριθμὸν
2782 1741 2893 1806 καὶ

579 1841 664 1909 τὰ
709 1847 984 1931 μεγέθη,
1029 1833 1071 1933 ἢ
1116 1843 1283 1910 κατὰ
1326 1845 1611 1930 θάτερα.

753 1943 896 2022 Quo
928 1948 995 2012 in
1025 1947 1170 2013 loco
1217 1939 1515 2033 ἀριθμὸν
1563 1948 1648 2015 de
1678 1967 1940 2015 numero
1974 1966 2072 2030 eo,
2119 1965 2268 2031 quo,
2315 1951 2471 2029 quot
2499 1947 2668 2031 μέρη
2698 1946 2898 2013 insint

581 2048 650 2112 in
694 2047 998 2114 universo
1044 2050 1256 2132 spatio
1303 2051 1483 2115 varie
1515 2049 1750 2131 diviso,
1798 2048 2135 2132 indicatur,
2181 2055 2555 2133 usurpatum
2594 2067 2740 2115 esse
2770 2049 2895 2114 rati

584 2169 662 2214 eo
694 2148 939 2215 inducti
985 2156 1133 2217 sunt
1178 2153 1301 2216 viri
1335 2150 1507 2217 docti
1553 2150 1822 2234 (Caesar
1851 2172 1913 2235 p.
1954 2155 2096 2235 111,
2129 2149 2420 2235 Westph.
2452 2150 2600 2217 Rhe
2627 2171 2693 2235 p.
2729 2154 2895 2233 169),

582 2257 653 2316 ut
695 2248 958 2335 θάτερα
1012 2273 1141 2318 non
1183 2252 1270 2318 ad
1315 2259 1685 2337 utrumque,
1745 2253 1860 2320 sed
1914 2253 2002 2320 ad
2058 2273 2253 2320 unum
2309 2260 2552 2321 tantum
2601 2259 2894 2338 spectare

583 2354 1043 2438 consentirent,
1105 2355 1172 2420 in
1231 2374 1357 2438 quo
1403 2357 1681 2439 partium
1726 2375 2029 2422 numerus
2073 2374 2319 2438 aequus
2334 2406 2350 2438 ‚
2409 2357 2622 2439 spatia
2671 2357 2898 2440 iniqua

586 2462 819 2525 essent.
882 2457 1047 2524 Nam
1081 2459 1137 2526 si
1169 2477 1252 2524 ex
1284 2458 1536 2526 duobus
1567 2457 1858 2526 eiusdem
1889 2458 2084 2542 spatii
2116 2458 2392 2542 pedibus
2422 2458 2587 2524 alter
2616 2457 2686 2525 in
2710 2457 2895 2542 duas,

581 2560 746 2626 alter
790 2561 855 2625 in
901 2566 1030 2627 tres
1073 2568 1294 2645 partes
1343 2560 1675 2628 dividatur
1690 2611 1708 2645 ‚
1768 2569 1985 2646 partes
2029 2561 2097 2626 in
2140 2568 2412 2644 utroque
2456 2581 2706 2645 aequas
2751 2582 2898 2629 esse

582 2663 761 2728 nullo
793 2662 986 2728 modo
1019 2664 1289 2746 cogitari
1321 2684 1533 2748 posse.
1607 2665 1694 2731 At
1722 2664 1777 2730 si
1809 2684 2006 2729 unum
2036 2669 2286 2730 tantum
2316 2670 2677 2746 spectasset
2704 2664 2898 2730 musi-

581 2782 727 2845 cus,
782 2765 982 2829 multo
1029 2764 1290 2831 brevius
1346 2785 1424 2831 ac
1469 2766 1854 2832 luculentius
1901 2765 2118 2848 eloqui
2172 2785 2301 2831 non
2344 2764 2538 2832 modo
2585 2766 2649 2830 ei
2692 2766 2896 2848 licuit,

583 2883 808 2930 verum
853 2865 1082 2948 etiam,
1140 2874 1209 2932 ut
1264 2868 1331 2932 in
1378 2866 1785 2952 definitione,
1831 2868 2133 2952 oportuit.
2223 2866 2497 2934 Accedit
2538 2866 2716 2951 quod
2761 2875 2896 2934 tum

583 2966 809 3033 debuit
840 2965 1058 3035 dicere
1088 2966 1402 3053 θάτερον.
1491 2970 1660 3035 Nam
1696 2971 1966 3055 pluralis
1997 2965 2260 3048 θάτερα
2304 2969 2395 3033 ita
2423 2967 2727 3036 adhiberi
2769 2990 2897 3037 non

582 3070 811 3154 potuit,
843 3077 914 3136 ut
945 3070 1211 3137 duarum
1244 3091 1453 3138 rerum
1488 3073 2024 3140 condicionumve
2057 3077 2434 3138 statutarum
2464 3073 2674 3139 altera
2702 3073 2897 3156 plane

583 3172 1105 3249 excluderetur.¹)
1196 3173 1378 3252 Quae
1412 3196 1557 3241 cum
1587 3176 1682 3242 ita
1711 3177 1856 3259 sint,
1901 3175 2118 3241 facere
2158 3194 2289 3239 non
2317 3175 2693 3258 poterimus,
2741 3175 2898 3258 quin

582 3274 794 3340 locum
851 3275 1035 3340 illum
1077 3277 1167 3343 ad
1210 3284 1340 3344 tres
1385 3277 1702 3345 diaeresis
1759 3277 2010 3361 species
2052 3276 2372 3355 pertinere
2419 3277 2894 3344 existimemus:

756 3427 807 3489 1)
840 3423 980 3477 Nam
1027 3427 1268 3494 quamvis
1302 3426 1657 3496 grammatico
1695 3427 1927 3495 quodam
1973 3428 2198 3480 auctore
2241 3426 2432 3491 (schol.
2461 3424 2630 3494 Soph.
2654 3427 2742 3482 El.
2771 3430 2899 3492 345)

583 3526 654 3564 το
690 3503 915 3580 θάτερα
952 3503 1080 3566 άντὶ
1114 3514 1220 3567 τοῦ
1253 3512 1513 3583 θάτερον
1550 3504 1799 3575 άττικῶς
1835 3510 2074 3573 dicatur,
2108 3517 2289 3565 tamen
2324 3510 2442 3580 ipse
2478 3510 2634 3566 locus
2669 3512 2760 3566 ille
2796 3513 2894 3566 So-

584 3591 849 3660 phocleus
887 3595 942 3647 et
975 3593 1071 3647 alii
1102 3594 1258 3649 multi
1293 3596 1492 3651 docent
1526 3611 1688 3650 usum
1724 3610 1844 3650 esse
1877 3596 2058 3662 talem,
2103 3599 2166 3650 ut
2199 3596 2429 3663 pluralis
2458 3591 2686 3668 θάτερα
2723 3591 2898 3663 (0565-

584 3695 744 3749 τερα,
777 3672 1080 3747 μηδέτερα)
1116 3694 1326 3748 semper
1357 3680 1634 3749 pertineat
1667 3679 1738 3733 ad
1771 3677 1909 3733 duas
1943 3694 2060 3744 res,
2097 3694 2328 3748 quarum
2362 3677 2525 3735 modo
2560 3682 2698 3737 baec
2731 3682 2898 3738 modo

583 3761 681 3815 illa
715 3758 834 3814 fieri
866 3765 1076 3830 potest,
1121 3762 1216 3817 sed
1249 3769 1375 3818 utra
1418 3764 1519 3819 flat
1555 3768 1613 3819 in
1648 3763 1823 3819 medio
1859 3763 2205 3833 relinquitur,
2250 3779 2521 3833 nusquam
2568 3782 2694 3822 vero
2732 3782 2900 3822 unam

588 3848 790 3898 certam
828 3847 1094 3914 quandam
1126 3862 1239 3901 rem
1273 3848 1350 3902 ita
1387 3852 1631 3918 spectat,
1680 3854 1743 3903 ut
1777 3849 1940 3904 simul
1975 3848 2203 3903 alteram
2235 3850 2386 3904 nullo
2422 3853 2588 3919 pacto
2625 3852 2899 3921 complec-

584 3933 752 3994 tatur,
789 3929 885 3985 sed
911 3931 1177 3986 excludat.
1249 3931 1439 4001 Itaque
1471 3934 1774 4002 particulas
1810 3933 2160 3989 disiunctivas
2195 3929 2376 4006 (ἢ-ἢ)
2411 3950 2476 3989 eo
2501 3936 2774 4004 pertinere
2801 3953 2901 3992 ne-

585 4029 739 4070 cesse
773 4019 873 4080 est,
910 4014 1055 4070 velut
1089 4015 1246 4070 Plato
1283 4015 1491 4072 Phileb.
1520 4034 1574 4086 p.
1606 4022 1670 4071 43
1697 4018 1771 4072 E:
1828 4012 1898 4074 τὸ
1938 4018 1996 4075 δὲ
2031 4015 2313 4093 μηδέτερα
2350 4017 2578 4077 τούτων
2630 4021 2770 4085 (scil.
2805 4018 2904 4090 ὂν)

584 4092 720 4157 ἔσθ’
760 4090 860 4156 ὅτε
897 4094 1119 4168 θάτερα
1143 4094 1365 4172 γένοιτ’
1390 4096 1480 4166 ἄν,
1515 4097 1731 4173 χρυσὸς
1754 4098 1791 4174 ἢ
1814 4100 2095 4178 ἄργυρος).
2142 4104 2274 4159 Crit.
2301 4121 2355 4174 p.
2385 4108 2452 4158 52
2475 4105 2556 4158 A:
2612 4102 2906 4177 ἐφιέντων
