3177 4960
566 335 686 395 182
1509 335 1670 404 Hugo
1704 334 1895 390 Jusatz

561 515 700 575 tunt
728 509 883 575 Mar.
917 509 1079 575 Vict.
1111 530 1175 593 p.
1211 507 1314 590 39)
1360 509 1401 574 i.
1429 529 1483 574 e.
1518 510 1824 593 syllabas,
1872 528 1907 575 e
1939 509 2169 591 quibus
2212 514 2549 592 poetarum
2580 513 2867 578 carmina

561 613 919 697 composita
962 618 1137 694 sunt,
1191 611 1276 678 ad
1323 611 1766 696 rhythmorum
1812 612 2125 695 imagines
2170 612 2499 678 conferant
2541 619 2736 696 atque
2784 635 2867 680 ex

560 721 917 798 temporum
965 714 1211 798 spatiis,
1260 734 1426 799 quae
1456 713 1898 799 rhythmorum
1945 720 2173 779 natura
2205 715 2510 799 postulat,
2557 715 2866 783 definiant

560 817 772 902 spatia
801 817 1214 903 syllabarum,
1261 818 1563 884 universa
1606 818 1722 882 illa
1749 817 2041 882 brevium
2071 817 2533 901 longarumque
2564 838 2866 886 mensura

560 927 626 985 et
667 921 1081 1005 proportione
1126 921 1540 1004 acquiescere
1581 940 1711 987 non
1754 927 2023 1003 possunt
2066 915 2335 1005 (μήκους
2377 921 2493 986 καὶ
2536 918 2865 1007 βραχύτη-

558 1045 673 1098 τος
733 1022 1081 1105 συλλαβιῦν
1140 1014 1215 1088 οὗ
1272 1027 1396 1104 μία
1441 1019 1645 1108 φύσις
1703 1023 1970 1107 Dionys.
2010 1043 2063 1089 c.
2102 1027 2178 1087 15
2210 1043 2272 1107 p.
2309 1026 2388 1087 85
2420 1021 2553 1106 R),
2613 1024 2730 1091 sed
2783 1045 2862 1090 eo

559 1125 992 1210 adducuntur,
1039 1132 1108 1192 ut
1149 1124 1317 1192 hanc
1362 1127 1707 1210 syllabam,
1754 1145 1921 1210 quae
1965 1146 2006 1191 a
2035 1126 2316 1192 metricis
2371 1125 2605 1192 dicitur
2647 1128 2862 1210 longa,

559 1229 642 1294 ab
689 1228 805 1293 illa
849 1229 1046 1311 longa
1091 1248 1217 1293 non
1263 1228 1590 1294 diversam
1631 1247 1749 1311 per
1781 1247 1871 1311 se,
1917 1234 2133 1292 tamen
2179 1227 2473 1294 hocloco
2503 1229 2863 1312 longiorem

559 1350 701 1397 esse
732 1330 987 1416 ducant,
1021 1331 1187 1397 hanc
1209 1338 1424 1397 autem
1454 1332 1717 1397 brevem
1740 1331 1856 1395 illa
1882 1330 2067 1395 brevi
2096 1332 2406 1396 minorem
2437 1327 2866 1415 (μακρότεραί

557 1455 732 1508 τινες
778 1430 913 1498 εἰσὶ
957 1434 1088 1497 τῶν
1132 1434 1400 1516 μακρῶν
1444 1434 1557 1497 καὶ
1600 1429 1999 1516 βραχύτεραι
2042 1434 2174 1496 τῶν
2216 1434 2544 1517 βραχειῶν
2589 1434 2860 1517 Diony&

556 1535 758 1614 ibid.).
819 1536 1192 1621 Compluria
1249 1537 1444 1620 igitur
1503 1542 1727 1602 extant
1784 1543 1848 1601 et
1891 1537 2122 1619 longae
2181 1541 2245 1601 et
2298 1537 2513 1603 brevis
2570 1537 2860 1619 syllabae

558 1639 770 1722 spatia
814 1638 1197 1724 rhythmica.
1288 1639 1470 1718 Quae
1503 1659 1646 1704 cum
1693 1640 1785 1704 ita
1828 1658 1900 1704 se
1929 1637 2170 1704 habere
2218 1640 2657 1723 cognovisset,
2716 1639 2859 1704 Ari-

555 1747 860 1808 stoxenus
892 1780 975 1791 --
1005 1763 1155 1808 nam
1202 1762 1349 1808 eum
1395 1761 1535 1808 esse
1579 1742 1874 1807 ultimum
1920 1742 2205 1807 locorum
2249 1746 2577 1808 auctorem
2607 1740 2858 1808 Blassio

559 1843 643 1920 (d.
675 1845 717 1909 l.
749 1865 813 1927 p.
848 1848 994 1923 451)
1051 1865 1179 1911 non
1236 1845 1613 1928 refragabor
1656 1879 1738 1888 ——
1784 1844 2101 1926 syllabam
2161 1843 2446 1926 rhythmi
2496 1864 2859 1910 mensuram

557 1964 699 2011 esse
729 1966 922 2030 posse
953 1948 1219 2030 negavit
1250 1946 1449 2029 (apud
1473 1947 1667 2012 Psell.
1693 1948 1730 2023 ξ
1759 1947 1838 2029 1),
1886 1947 2190 2030 quoniam
2223 1937 2339 2010 οὐκ
2371 1937 2478 2011 ἀεὶ
2507 1942 2624 2011 τὸν
2658 1937 2859 2011 αὐτὸν

551 2045 787 2130 χρόνον
839 2051 1116 2128 κατέχει.
1218 2048 1379 2115 Cum
1423 2055 1640 2115 autem
1700 2049 1894 2116 moris
1942 2048 2209 2115 haberet
2265 2049 2668 2133 rhythmicae
2714 2049 2857 2116 har·

553 2152 931 2217 monicaeve
974 2158 1325 2239 praecepta
1390 2158 1761 2234 comparata
1817 2151 2172 2216 litterarum
2219 2144 2684 2236 compositione
2728 2172 2858 2217 non

553 2261 685 2319 tam
728 2254 1005 2338 probare
1052 2274 1243 2338 quam
1288 2255 1608 2321 illustrare
1653 2255 1757 2328 (cf.
1791 2255 1872 2320 el.
1905 2253 2000 2318 rh.
2030 2275 2094 2338 p.
2129 2258 2254 2318 274
2298 2254 2404 2319 fin.
2450 2255 2606 2319 Mor.
2638 2283 2724 2306 =
2754 2258 2859 2339 30,

557 2359 593 2420 2
625 2376 764 2440 sqq.
799 2357 930 2439 W.;
977 2357 1057 2423 el.
1092 2356 1288 2423 harm.
1321 2378 1385 2441 p.
1421 2360 1520 2441 52,
1555 2359 1637 2422 26
1666 2356 1886 2440 qu.)‚
1928 2356 2157 2423 eodem
2187 2358 2382 2423 modo
2413 2355 2520 2423 hic
2551 2377 2859 2441 praecep-

551 2467 685 2526 tum
717 2460 878 2526 illud
908 2460 1262 2528 illustrasse
1309 2461 1562 2527 videtur
1606 2460 1786 2538 (Mar.
1819 2460 1983 2527 Vict.
2021 2480 2084 2544 p.
2119 2462 2230 2526 39:
2263 2461 2537 2540 (musici)
2581 2459 2860 2526 afferunt

553 2565 748 2629 etiam
793 2566 1123 2648 exempla,
1184 2584 1349 2648 quae
1406 2564 1472 2629 in
1516 2563 1801 2630 metricis
1858 2562 2132 2647 pedibus
2178 2583 2393 2629 secum
2437 2564 2696 2648 faciant,
2741 2564 2856 2629 ad·

551 2674 834 2733 serentes
866 2668 1234 2733 accessione
1266 2667 1748 2733 consonantium
1792 2672 2113 2731 momenta
2142 2671 2501 2750 temporum
2534 2685 2855 2748 crescere3

550 2769 818 2852 Dionys.
864 2790 927 2853 p.
962 2771 1041 2832 85
1072 2788 1167 2852 sq.
1200 2769 1319 2846 R).

720 2871 824 2936 Ad
870 2890 1036 2955 quae
1081 2890 1233 2937 vero
1280 2872 1492 2955 spatia
1536 2877 1892 2955 temporum
1944 2869 2448 2955 rhythmicorum
2492 2871 2857 2954 pertineant

412 3015 419 3018 -
549 2975 934 3041 mutationes
979 2974 1132 3039 illae
1162 2975 1558 3057 syllabarum
1586 2975 1655 3038 in
1685 2973 2003 3057 rhythmis
2032 2975 2401 3057 positarum,
2449 2975 2519 3040 id
2549 2973 2856 3040 docemur

548 3077 754 3143 altera
797 3076 1002 3144 classe
1048 3096 1265 3143 eorum
1309 3077 1615 3159 locorum,
1664 3076 1773 3160 qui
1819 3075 1901 3141 de
1946 3075 2348 3160 rhythmicae
2393 3097 2435 3143 a
2477 3078 2745 3143 metrica
2785 3078 2855 3141 in

548 3180 816 3264 syllabis
863 3179 1203 3246 metiendis
1249 3179 1618 3245 discrimine
1663 3185 1826 3245 sunt.
1918 3178 2092 3257 Quos
2136 3179 2191 3245 si
2233 3184 2407 3245 recte
2454 3179 2853 3265 disponimus

546 3281 740 3366 atque
772 3284 1177 3368 conferimus,
1217 3284 1427 3349 elucet
1456 3302 1569 3349 eos
1601 3284 1936 3349 concinere
1965 3284 2034 3346 in
2064 3282 2467 3350 metricorum
2497 3283 2852 3349 rationibus

547 3386 1012 3453 describendis:

554 3511 557 3512 ⁷
802 3489 922 3571 frg.
954 3489 1248 3556 Ambros.
1294 3509 1356 3573 p.
1396 3491 1474 3552 12
1504 3488 1689 3553 Keil:
1734 3484 1818 3550 τὰ
1862 3485 1983 3569 μὲν
2026 3490 2237 3570 μέτρα
2282 3485 2671 3574 πεπηγότας
2715 3485 2850 3567 ἔχει

627 3586 786 3679 ’τοὺς
823 3587 1118 3674 χρόνους,
1163 3588 1415 3673 μακρὸν
1458 3591 1572 3655 καὶ
1615 3587 1859 3674 βραχὺν
1902 3591 2013 3655 καὶ
2057 3586 2174 3654 τὸν
2217 3587 2473 3655 τούτων
2515 3588 2769 3655 κοινόν·

801 3693 1069 3777 Longin.
1116 3694 1278 3776 prol.
1326 3715 1389 3777 p.
1423 3696 1525 3779 84,
1562 3698 1639 3759 19
1671 3693 1802 3759 W.:
1859 3689 1934 3757 τὸ
1983 3690 2103 3774 μὲν
2160 3695 2400 3777 μέτρον
2458 3690 2851 3777 πεπηγότας

631 3791 763 3874 ἔχει
821 3791 974 3870 τοὺς
1026 3792 1332 3878 χρόνους,
1390 3792 1645 3879 μακρόν
1690 3818 1763 3858 τε
1804 3794 1915 3858 καὶ
1959 3791 2204 3876 βραχὺν
2261 3795 2373 3859 καὶ
2429 3792 2544 3860 τόν
2601 3793 2849 3877 μεταξὺ

628 3893 879 3961 τούτων
910 3894 1026 3962 τὸν
1054 3893 1277 3962 κοινὸν
1323 3895 1742 3979 καλούμενον,
1790 3893 1865 3972 ὃς
1893 3898 2003 3962 καὶ
2037 3890 2239 3973 αὐτὸς
2282 3894 2556 3973 πάντως
2599 3895 2850 3982 μακρός

629 3994 772 4063 ἐστι
812 3999 924 4063 καὶ
967 3995 1243 4082 βραχύς·

797 4102 1064 4185 Dionys.
1116 4102 1198 4166 de
1257 4120 1464 4184 comp.
1523 4101 1700 4167 verb.
1759 4121 1812 4167 c.
1853 4106 1950 4167 11.
1986 4123 2057 4186 p.
2094 4105 2175 4166 64
2196 4102 2303 4166 R.:
2362 4094 2401 4188 ἡ
2447 4097 2613 4187 πεζὴ
2671 4099 2849 4178 λέξις
