3177 4960
615 344 737 402 266
1578 342 1737 410 Hugo
1770 339 1960 395 Jusatz

611 518 756 583 Aul.
791 520 932 584 530.
971 520 1116 582 635.
1155 518 1338 581 1589.
1393 519 1571 581 1596.
1624 517 1811 581 1612.
1859 517 2042 580 1613.
2095 517 2302 597 1623),
2350 532 2515 597 quae
2551 515 2770 580 omnia
2800 515 2924 579 Eu-

609 620 853 705 ripides
899 621 1041 705 ipse
1086 620 1210 685 nisi
1253 620 1321 684 in
1367 619 1650 702 satyrica
1677 617 1901 683 fabula
1930 618 2054 684 sibi
2087 637 2213 683 non
2246 616 2530 683 indulsit.
2606 616 2738 683 Sed
2785 622 2927 683 utut

613 723 774 789 illud
822 742 891 788 se
937 721 1151 803 habet,
1197 720 1322 787 hoc
1366 727 1608 787 certum
1655 727 1770 802 est,
1815 719 2211 804 rhythmicos
2254 725 2603 805 praecepta
2634 739 2752 786 sua
2795 741 2921 786 non

615 826 900 908 potuisse
945 823 1203 890 haurire
1248 843 1330 890 ex
1375 824 1598 890 metris
1644 842 1854 906 neque
1899 821 2215 905 adaptare
2259 822 2346 888 ad
2391 842 2501 905 ea,
2548 825 2613 888 in
2662 825 2917 908 quibus-

613 947 861 1011 cunque
912 927 1306 1012 syllabarum
1352 926 1741 1010 quantitates
1786 924 2133 991 libidinose
2179 929 2546 991 tractantur.

780 1030 1109 1114 Neglectis
1166 1029 1364 1112 igitur
1421 1029 1682 1095 comicis
1739 1034 2185 1094 convertamur
2241 1027 2327 1093 ad
2371 1029 2755 1111 tragicorum
2816 1031 2918 1095 tri-

607 1139 846 1216 metra,
909 1152 1075 1216 quae
1134 1137 1393 1197 utuntur
1451 1130 1728 1214 pedibus
1780 1131 2231 1214 anapaesticis.
2322 1128 2664 1208 Quaeritur
2708 1138 2916 1199 autem
3034 1185 3045 1192 .

609 1242 819 1302 utrum
850 1236 1080 1318 tragici
1110 1239 1461 1318 anapaesto
1507 1234 1780 1318 sparsim
1826 1239 2076 1300 utentes
2119 1233 2352 1316 reliqui
2399 1235 2583 1300 metri
2627 1241 2918 1301 naturam

609 1338 891 1423 pendere
934 1338 1256 1405 voluerint
1298 1337 1379 1402 ab
1424 1342 1778 1419 anapaesto
1830 1336 2125 1402 immixto
2169 1355 2392 1403 necne.
2483 1335 2919 1404 Creberrimus

609 1447 825 1508 autem
869 1439 1044 1523 apud
1089 1459 1201 1506 eos
1251 1444 1349 1506 est
1391 1439 1727 1523 anapaesti
1773 1459 1924 1505 usus
1968 1439 2035 1504 in
2081 1444 2308 1521 quarto
2352 1438 2525 1522 pede
2553 1459 2632 1506 ac
2678 1441 2914 1523 quinto.

611 1545 822 1627 Atque
868 1542 1229 1626 Aeschylus
1275 1547 1342 1608 et
1383 1541 1741 1626 Sophocles
1787 1541 2081 1625 quidem,
2129 1541 2380 1626 quoties
2423 1542 2489 1606 in
2536 1549 2763 1626 quarto
2807 1564 2918 1627 po-

608 1652 870 1713 suerunt
912 1651 1369 1730 anapaestum,
1428 1646 1602 1711 arsin
1659 1645 2121 1728 paenultimam
2179 1664 2496 1729 nusquam
2541 1665 2919 1730 expressere

607 1752 830 1832 longa:
864 1751 1075 1816 Prom.
1111 1752 1253 1814 840.
1286 1746 1518 1814 Aesch.
1552 1748 1672 1830 frg.
1706 1750 1850 1812 200.
1884 1746 2084 1829 Soph.
2112 1746 2272 1815 Oed.
2305 1749 2379 1813 R.
2413 1751 2558 1813 285.
2587 1753 2733 1814 300.
2759 1747 2918 1815 Oed.

608 1852 742 1919 Col.
788 1854 1109 1918 311..507.
1147 1853 1331 1915 1313.
1364 1847 1596 1915 Trach.
1647 1852 1770 1914 354
1818 1852 2001 1925 (unus
2048 1854 2355 1932 exceptus
2402 1854 2501 1914 est
2544 1869 2769 1917 versus
2813 1850 2920 1917 de-

608 1961 902 2038 speratus
932 1955 1108 2019 Pers.
1146 1956 1301 2016 321:
1332 1943 1778 2034 ᾌριόμαρόος
1807 1947 2114 2035 Σάρδεσι,
2164 1951 2343 2018 cuius
2389 1952 2665 2019 nominis
2712 1954 2921 2037 prima

607 2058 803 2139 longa
847 2062 945 2122 est
987 2075 1138 2122 usus
1182 2053 1415 2120 Aesch.
1448 2073 1557 2120 vv.
1592 2055 1692 2119 38.
1727 2056 1910 2136 967);
1969 2055 2024 2120 si
2067 2059 2283 2120 autem
2338 2055 2403 2118 in
2461 2055 2683 2137 quinto
2739 2055 2921 2121 adhi-

609 2161 883 2225 buerunt
904 2162 1342 2241 anapaestum,
1376 2157 1628 2239 quoties
1651 2157 1837 2223 abest
1858 2178 1899 2222 a
1921 2176 2112 2223 versu
2145 2175 2411 2223 caesura
2439 2158 2917 2241 semiquinaria,

609 2262 780 2329 arsin
811 2262 1065 2328 tertiam
1096 2261 1359 2326 brevem
1394 2277 1535 2325 esse
1567 2260 1856 2325 voluere:
1889 2258 2104 2342 Antig.
2138 2261 2280 2324 991.
2321 2263 2500 2325 1045.
2541 2263 2722 2327 1180.
2760 2260 2917 2328 Oed.

608 2364 742 2431 Col.
780 2370 833 2430 1.
873 2367 1056 2429 1415.
1093 2360 1323 2429 Trach.
1361 2364 1505 2426 478.
1597 2361 1940 2445 Euripides
1987 2381 2141 2429 vero
2200 2361 2325 2429 hoc
2369 2362 2586 2429 decies
2633 2365 2918 2430 servavit

607 2466 830 2547 (Andr.
860 2471 918 2534 5.
945 2470 1046 2533 29.
1075 2469 1218 2532 804.
1253 2468 1438 2531 1243.
1464 2463 1708 2532 Phoen.
1737 2467 1920 2530 1113.
1958 2468 2140 2530 1476.
2171 2466 2354 2531 1588.
2385 2464 2528 2549 Iph.
2555 2466 2701 2532 Aul.
2735 2469 2909 2531 1201.

606 2570 746 2656 Iph.
772 2573 965 2637 Taur.
992 2572 1137 2636 825.
1164 2570 1340 2654 Cycl.
1367 2571 1488 2634 327
1516 2569 1607 2643 (in
1632 2570 1888 2634 nomine
1910 2588 2038 2634 non
2062 2564 2396 2652 proprio»,
2429 2570 2632 2636 semel
2657 2568 2909 2644 (Bacch.

613 2678 757 2750 173)
799 2675 1124 2756 neglexit3
1170 2679 1316 2755 post
1346 2677 1643 2755 quartum
1676 2676 1888 2737 autem
1921 2675 2342 2754 anapaestum
2378 2671 2583 2738 vicies
2628 2672 2729 2738 bis
2776 2673 2911 2738 bre-

610 2797 754 2844 vem
786 2775 1008 2855 (Andr.
1046 2779 1143 2839 10.
1177 2773 1284 2840 Or.
1322 2778 1461 2839 107.
1500 2778 1641 2838 112.
1681 2775 1862 2838 1193.
1902 2775 2084 2838 1211.
2124 2775 2305 2837 1676.
2333 2772 2560 2858 Suppl.
2600 2776 2738 2839 158.
2774 2774 2908 2838 881.

611 2880 795 2942 1216.
814 2877 1001 2944 Herc.
1020 2877 1138 2942 fur.
1157 2880 1298 2942 473.
1321 2875 1564 2942 Phoen.
1584 2878 1684 2940 88.
1704 2879 1847 2940 767.
1877 2876 2020 2940 845.
2051 2877 2232 2939 1264.
2265 2877 2447 2940 1436.
2478 2879 2662 2942 1465.
2680 2875 2905 2943 Bacch.

612 2983 752 3046 186.
785 2982 928 3044 210.
965 2982 1106 3044 330.
1145 2982 1327 3043 1130.
1366 2980 1546 3043 1338.
1585 2981 1806 3061 1356),
1854 2977 2144 3045 sedecies
2207 2979 2466 3061 longam
2513 2978 2738 3058 (Andr.
2772 2981 2904 3043 889.

609 3083 844 3151 Troad.
882 3086 1065 3148 1130.
1118 3086 1300 3146 1140.
1335 3079 1440 3147 Or.
1476 3084 1573 3146 65.
1606 3083 1750 3147 659.
1788 3083 1970 3146 1184.
2010 3085 2191 3148 1654.
2224 3081 2413 3148 Herc.
2445 3082 2565 3148 fur.
2602 3086 2745 3151 701.
2777 3083 2900 3148 Ion.

611 3190 792 3254 1581.
828 3185 1068 3253 Phoen.
1105 3188 1246 3250 757.
1286 3188 1468 3251 1590.
1501 3183 1735 3250 Bacch.
1770 3187 1911 3249 225.
1943 3184 2088 3249 681.
2126 3187 2309 3252 1224.
2347 3187 2529 3250 1228.
2569 3187 2758 3263 1332)
2801 3204 2901 3267 po·

606 3291 750 3372 suit,
796 3291 949 3357 item
996 3290 1062 3354 in
1094 3287 1380 3371 Cyclope
1425 3288 1491 3351 in
1537 3287 1902 3353 nominibus
1946 3306 2075 3353 non
2105 3287 2382 3370 propriis
2415 3286 2613 3353 habet
2644 3289 2744 3354 bis
2774 3287 2898 3351 bre-

606 3412 750 3459 vem
799 3394 882 3470 (v.
915 3394 1057 3455 232.
1092 3393 1259 3474 558),
1305 3391 1566 3473 longam
1599 3395 1695 3456 ter
1735 3393 1904 3469 (154.
1938 3392 2082 3453 560.
2117 3390 2283 3465 581).
2317 3423 2397 3434 -
2431 3387 2545 3454 Sin
2578 3410 2733 3463 vero
2761 3408 2898 3454 ana·

605 3499 898 3578 paestum
943 3494 1010 3556 in
1057 3493 1276 3574 quinto
1320 3492 1489 3575 pede
1534 3491 1861 3559 antecedit
1904 3511 2173 3558 caesura
2213 3493 2692 3575 semiquinaria,
2736 3490 2896 3557 arsin

604 3596 859 3663 tertiam
904 3596 1164 3677 longam
1209 3594 1606 3661 admiserunt
1635 3593 1997 3677 Aeschylus
2044 3600 2107 3660 et
2138 3592 2494 3676 Sophocles
2528 3593 2726 3677 (Sept.
2761 3594 2893 3656 569.

603 3702 750 3767 Ant.
787 3700 910 3776 11).
988 3697 1088 3762 De
1132 3698 1277 3763 aliis
1308 3703 1523 3764 autem
1574 3696 1849 3781 pedibus
1894 3696 2146 3780 mediiS,
2195 3698 2260 3762 in
2308 3697 2539 3780 quibus
2585 3696 2895 3763 invenitur

604 3807 1026 3887 anapaestus,
1097 3799 1260 3864 nihil
1323 3789 1438 3884 pr'o
1508 3806 1684 3866 certo
1741 3798 2046 3866 affirmari
2108 3800 2294 3882 licet3
2367 3800 2433 3865 in
2488 3800 2676 3865 tertio
2736 3797 2894 3863 enim

604 3909 955 3988 anapaesto
987 3921 1165 3969 arses
1196 3902 1473 3985 impares
1502 3903 1737 3985 longae
1787 3921 1928 3970 esse
1971 3907 2241 3985 possunt
2271 3900 2370 3980 (O.
2405 3900 2543 3968 Col.
2582 3904 2759 3967 1317.
2790 3896 2893 3963 Or.

605 4012 705 4075 23.
740 4005 880 4092 Iph.
914 4006 1106 4071 Taur.
1143 4006 1287 4069 825.
1320 4004 1461 4087 Iph.
1501 4005 1646 4071 Aul.
1678 4008 1817 4090 90),
1876 4006 1940 4070 in
1986 4006 2189 4071 altero
2251 4010 2468 4071 autem
2526 4004 2692 4088 pede
2748 4019 2892 4066 ana·

606 4117 867 4195 paestus
891 4107 1064 4192 apud
1086 4105 1486 4191 Aeschylum
1510 4113 1574 4174 et
1598 4107 1985 4192 Sophoclem
2011 4126 2327 4189 nusquam
2355 4106 2692 4187 invenitur,
2724 4099 2893 4186 apud
