3177 4960
828 353 913 407 De
945 352 1367 409 irrationalitate
1402 355 1596 410 studia·
1617 356 1938 426 rhythmica.
2409 365 2530 422 255

211 544 336 607 per
402 525 782 609 parallagen
850 528 1004 593 ortis
1072 529 1457 611 composita,
1534 549 1700 613 quae
1769 529 2167 615 eurhythmis
2232 535 2323 600 ita
2388 543 2534 602 sunt

211 634 514 712 cognata,
563 633 631 693 ut
674 630 951 712 spatium
984 649 1316 698 commune
1362 632 1721 714 legitimum
1769 624 2092 718 (ἀριθμὸν
2137 633 2358 720 ῥητὸν)
2404 658 2530 705 ser-

207 733 389 813 vent}
439 730 830 814 arrhythmis
859 739 1071 798 autem
1106 741 1369 817 propter
1409 735 1803 818 singulorum
1849 742 2206 822 temporum
2238 730 2531 822 ἀλογίαν.

208 831 406 911 Quod
466 853 800 901 commune
859 834 1131 901 duorum
1191 837 1654 903 irrationalium
1721 839 2000 923 spatium
2070 841 2383 908 rationale
2444 843 2535 909 ita

208 935 477 1002 demum
506 937 876 1021 percipitur,
924 942 992 1003 ut
1019 938 1289 1005 accedat
1319 940 1572 1006 tertium
1606 946 1859 1025 tempus
1903 942 2233 1010 rationale.
2310 944 2535 1026 Itaque

209 1030 558 1124 εὐρύθμου
628 1036 820 1122 λόγος
887 1041 1164 1107 cernitur
1232 1042 1296 1106 in
1363 1043 1531 1108 binis
1598 1044 1996 1127 temporibus
2071 1045 2530 1129 incompositiS,

207 1138 664 1227 ῥυθμοειὸοὗς
709 1142 774 1207 in
820 1143 1000 1208 trinis
1044 1142 1419 1227 pluribusve
1465 1145 1755 1228 demum,
1804 1138 2152 1231 ἄρῤυθμον
2196 1167 2351 1213 vero
2400 1167 2531 1214 om-

206 1246 362 1312 nino
411 1264 541 1311 non
587 1243 783 1311 habet
841 1241 1051 1327 λόγον.
1141 1247 1355 1329 Atque
1418 1239 1737 1333 ἀρῤυθμα
1797 1247 1971 1315 dicta
2023 1255 2169 1314 sunt
2224 1255 2531 1334 tempora,

208 1347 387 1432 quod
437 1367 520 1414 ex
565 1347 658 1414 eis
703 1347 948 1414 iteratis
978 1368 1104 1414 non
1134 1347 1205 1414 fit
1246 1348 1605 1432 rhythmus,
1651 1349 2064 1433 rhythmoide
2109 1371 2263 1417 vero
2312 1351 2532 1435 rhyth-

206 1471 385 1516 mum
432 1470 560 1516 non
606 1449 877 1529 turbant,
926 1449 1043 1516 sed
1088 1442 1163 1514 οὗ
1211 1450 1361 1515 λίαν
1407 1449 1491 1515 τὰ
1536 1455 1688 1537 γένη
1720 1450 2215 1536 μεταβάλλουσι
2244 1454 2530 1534 (Aristid.

205 1574 266 1637 p.
301 1556 389 1619 99
423 1553 576 1629 Mb.)
623 1558 687 1619 et
731 1552 970 1618 habent
1015 1552 1283 1636 ῥυθμοῦ
1314 1577 1494 1630 τινος
1528 1550 1725 1630 εἶδος,
1777 1557 2079 1638 quoniam
2109 1564 2367 1623 servant
2411 1553 2530 1639 τὴν

208 1648 575 1739 ἀναλογίαν
631 1652 749 1742 τὴν
806 1657 937 1720 τῶν
997 1655 1212 1743 ῥητῶν
1264 1654 1550 1741 χρόνων,
1613 1679 1648 1726 e
1695 1658 1925 1742 quibus
1985 1679 2100 1741 per
2156 1660 2532 1744 parallagen

208 1766 350 1826 orta
394 1765 560 1826 sunt.

384 1860 703 1928 Aristides
747 1867 961 1928 autem
1009 1861 1194 1928 addit
1237 1862 1489 1945 species
1533 1862 1667 1926 τῶν
1710 1860 1962 1945 χρόνων
2010 1860 2422 1946 στρογγύλων
2467 1871 2531 1932 et

207 1963 631 2047 περίπλεων,
682 1983 846 2046 quae
893 1962 1245 2031 secundum
1292 1970 1787 2047 praeceptorum
1839 1963 2129 2031 ordinem
2177 1965 2260 2031 ad
2306 1964 2527 2050 rhyth-

206 2065 426 2132 moide
482 2066 803 2149 pertinere
861 2065 1179 2132 videntur.
1270 2066 1356 2130 At
1400 2066 1456 2131 si
1515 2064 1947 2149 ῥυθμοειδεῖς
1997 2064 2227 2151 χρόνοι
2272 2075 2530 2135 servant

206 2159 571 2251 ἀναλογίαν
638 2168 769 2231 τῶν
840 2158 1223 2250 εὐρύθμων,
1287 2164 1518 2251 χρόνοι
1587 2166 1977 2253 στρόγγυλοι
2036 2175 2100 2235 et
2157 2169 2525 2254 περίπλεοι,

208 2291 367 2354 quos
435 2290 552 2354 per
612 2272 1074 2354 correptionem
1139 2277 1203 2337 et
1254 2270 1741 2353 productionem
1801 2278 2161 2356 temporum
2221 2272 2528 2356 eurhyth-

206 2394 457 2441 morum
487 2380 625 2440 orta
658 2393 798 2441 esse
829 2374 1088 2439 nomina
1119 2373 1468 2455 declarant,
1514 2394 1642 2438 non
1673 2374 1756 2440 ad
1792 2373 2115 2457 duplicem
2148 2376 2529 2458 spectabunt

207 2475 786 2544 irrationalitatem.
887 2477 1087 2560 Atqui
1155 2476 1341 2543 tertio
1408 2477 1551 2543 loco
1624 2476 1690 2541 in
1758 2476 2024 2559 pristino
2084 2476 2259 2542 fonte
2317 2477 2527 2559 posita

204 2581 408 2647 fuisse
439 2587 732 2664 tempora
760 2578 1155 2664 arrhythma,
1201 2579 1508 2662 probatur
1538 2579 1743 2661 fragm
1755 2579 1920 2645 entis
1952 2578 2282 2660 Parisinis,
2331 2587 2523 2662 q'uan-

205 2683 557 2768 doquidem
618 2702 696 2749 ea
755 2684 1062 2750 maiorem
1121 2680 1314 2748 fidem
1376 2688 1440 2747 et
1483 2682 1549 2746 in
1608 2680 1971 2748 notionibus
2026 2686 2354 2763 praestare
2412 2680 2524 2748 do-

205 2787 453 2853 cuimus
501 2791 565 2852 et
610 2786 673 2850 in
719 2783 1194 2853 definitionibus
1254 2789 1615 2868 praestant3
1674 2804 1824 2849 nam
1871 2803 2014 2850 cum
2059 2783 2222 2850 alias
2270 2802 2525 2866 quoque

204 2890 407 2956 verba
464 2887 892 2955 Aristoxenea
947 2887 1352 2968 retinuerint,
1419 2891 1551 2952 tum
1622 2886 1887 2951 verbum
1956 2884 2390 2952 definiendum
2459 2887 2525 2956 in
2584 2902 2592 2910 ’

204 2999 564 3075 temporum
623 2989 1149 3074 eurhythmorum
1208 2988 1582 3056 definitione
1640 2994 1968 3072 repetunt,
2029 3007 2219 3072 quem
2280 3008 2523 3055 morem

202 3094 576 3161 Aristoxeni
620 3094 951 3177 proprium
995 3092 1194 3159 fuisse
1239 3111 1433 3175 supra
1477 3092 1916 3175 cognovimus.
2006 3090 2323 3158 Aristides
2367 3110 2522 3157 vero
2603 3100 2607 3104 “

206 3217 348 3263 cum
392 3197 559 3262 alias
605 3202 1091 3280 praeceptorum
1138 3194 1426 3261 ordinem
1476 3214 1602 3260 non
1650 3194 1936 3261 servavit
1978 3193 2181 3270 (velut
2226 3193 2291 3256 in
2336 3190 2518 3257 diffe2

204 3300 423 3366 rentiis
492 3298 786 3382 pedum),
855 3305 987 3364 tum
1053 3297 1159 3364 hic
1215 3296 1630 3381 rhythmoide
1697 3297 1886 3362 tertio
1956 3297 2096 3361 loco
2167 3294 2519 3360 collocasse

204 3401 492 3486 videtur,
561 3406 631 3467 ut
688 3420 767 3468 ea
824 3402 989 3467 inter
1047 3400 1177 3466 alia
1237 3405 1595 3483 temporum
1670 3416 1908 3481 genera
1965 3394 2181 3462 media
2248 3391 2519 3476 (μεταξὺ

201 3500 477 3582 τούτων)
547 3508 766 3587 posset
831 3503 1065 3569 dicere.
1168 3502 1393 3584 Itaque
1457 3497 1688 3585 χρόνοι
1759 3495 2150 3581 στρόγγυλοι
2207 3503 2271 3563 et
2327 3501 2520 3582 περί-

202 3605 389 3670 πλεω
454 3625 583 3672 non
650 3602 1104 3690 ῥυθμοειὸῶν,
1181 3623 1403 3670 verum
1472 3593 1840 3687 ἀρῤύθμων
1915 3600 2163 3684 speeies
2237 3597 2521 3666 habendi

200 3714 403 3776 erunt.
448 3741 534 3752 —
560 3701 942 3794 Ἄῤῥυθμον
973 3714 1188 3775 autem
1233 3704 1622 3789 περίπλεων
1673 3704 1795 3770 erit
1839 3709 2089 3786 tempus
2140 3702 2519 3786 productum

201 3830 395 3894 super
459 3811 738 3894 spatium
796 3811 1188 3894 legitimum,
1249 3809 1426 3875 velut
1475 3806 1746 3874 choreus
1817 3807 1929 3872 ille
1986 3804 2405 3887 irrationalis,
2464 3806 2519 3871 si

199 3913 523 3981 trochaeis
586 3912 992 3980 admiscetur.
1081 3905 1466 3997 Ἄρῤυθμον
1523 3916 1737 3976 autem
1811 3905 2206 3993 στρόγγυλον
2253 3908 2373 3972 erit
2417 3927 2516 3973 ex.

199 4036 297 4098 gr.
354 4022 608 4100 tempus
655 4035 692 4082 e
749 4017 1009 4083 trisemo
1056 4034 1173 4100 per
1221 4014 1686 4099 correptionem
1740 4018 1981 4095 ortum,
2042 4008 2213 4093 quod
2260 4009 2522 4075 in‘te'res't

199 4119 367 4184 inter
424 4119 755 4185 trisemum
816 4125 879 4185 et
935 4118 1251 4185 disemum
1274 4167 1291 4202 ‚
1365 4117 1528 4184 inter
1586 4114 1958 4182 trochaeum
2016 4112 2395 4178 rationalem
2454 4116 2517 4174 et

2113 4210 2205 4262 17*
