3177 4960
592 353 717 412 210
1550 348 1706 417 Hugo
1742 348 1934 403 Jusatz

592 548 720 594 non
753 530 907 605 erat,
955 544 1083 608 quo
1113 542 1339 588 ansam
1368 523 1551 589 daret
1580 523 1957 589 Ptolemaeo
2006 522 2089 588 ad
2123 522 2648 606 impugnandum.
2713 522 2907 588 Deni-

594 649 719 713 que
765 626 942 710 quod
985 625 1349 708 Vitruviae,
1409 626 1521 707 qui
1567 625 1940 691 Aristoxeni
1992 625 2195 691 libros
2242 625 2604 708 inspexisse
2649 624 2908 691 videtur

594 732 695 810 (cf.
728 731 785 793 V
817 734 876 810 5,
909 731 1003 811 9),
1068 747 1105 793 e
1158 727 1566 794 chromaticis
1626 728 1838 794 chrois
1897 747 2088 793 unam
2148 728 2390 810 profert
2450 727 2806 810 toniaeam‚
2864 718 2907 793 e

592 831 873 899 diatonis
917 836 1256 914 syntonam
1302 829 1380 906 (V
1414 835 1498 913 4),
1544 830 1613 895 id
1659 832 1898 895 factum
1944 849 2087 896 esse
2136 829 2293 893 mihi
2339 829 2616 911 videtur,
2669 849 2751 896 ne
2794 850 2906 895 ex-

592 933 981 1017 planationis
1027 931 1471 1016 perspicuitati
1529 931 1817 998 officeret
1861 951 2073 998 rerum
2119 932 2544 1014 abundantia,
2600 933 2908 1015 quoniam

591 1035 679 1103 ad
709 1056 891 1102 usum
925 1055 1110 1102 suum
1139 1054 1269 1100 una
1297 1035 1364 1099 in
1397 1036 1628 1117 quovis
1658 1053 1896 1116 genere
1928 1033 2125 1100 chroa
2156 1035 2216 1099 ei
2246 1033 2623 1100 sufficiebat.
2699 1034 2906 1117 Argu-

593 1146 878 1205 mentum
924 1158 1080 1204 vero
1124 1137 1208 1203 de
1240 1143 1595 1203 ceterarum
1641 1136 1977 1203 ebroarum
2010 1137 2542 1203 chromaticamm
2570 1137 2907 1202 irrationa-

592 1243 772 1307 litate
817 1259 898 1307 ne
928 1239 1080 1306 inde
1124 1239 1386 1322 quidem
1433 1258 1663 1322 capere
1708 1240 1970 1323 poteris,
2016 1239 2082 1303 ni
2124 1240 2288 1306 forte
2334 1239 2662 1305 diatonum
2705 1240 2908 1305 molle

595 1361 850 1425 quoque
896 1342 1080 1424 sequi
1126 1342 1354 1407 chroas
1398 1342 1802 1407 irrationales
1846 1348 2071 1423 putare
2117 1343 2235 1407 vis.

764 1444 862 1509 Ac
903 1463 986 1510 ne
1032 1445 1098 1509 in
1130 1444 1350 1509 mixtis
1381 1443 1645 1526 quidem
1675 1441 2098 1510 tetrachordis
2137 1444 2537 1509 irrationalia
2563 1444 2910 1509 intervalla

596 1548 809 1613 inesse
855 1547 1147 1627 arbitror,
1196 1548 1250 1612 si
1283 1545 1479 1612 modo
1512 1547 1607 1612 eis
1638 1551 1898 1611 utuntur
1942 1546 2136 1630 sonis,
2183 1565 2352 1629 quae
2383 1547 2448 1611 in
2477 1545 2909 1613 tetrachordis

594 1649 725 1715 illis
780 1669 899 1715 sex
955 1649 1356 1732 simplicibus
1411 1649 1841 1715 inveniuntur.
1946 1647 2210 1715 Constat
2268 1649 2439 1714 enim
2497 1647 2911 1715 tetrachorda

592 1752 796 1816 mixta
853 1752 945 1816 ita
1008 1751 1194 1827 oriri,
1252 1757 1321 1816 ut
1377 1771 1503 1816 non
1563 1758 1695 1816 tam
1739 1751 2083 1817 intervalla
2127 1771 2318 1834 quam
2371 1752 2509 1817 soni
2552 1751 2825 1816 mobiles
2871 1770 2909 1816 e

594 1852 870 1919 diversis
914 1853 1259 1935 generibus
1307 1853 1604 1919 chroisve
1649 1859 1951 1937 petantur
1987 1872 2246 1936 unoque
2289 1852 2701 1920 tetrachordo
2734 1873 2907 1920 com-

592 1960 929 2039 ponantur.

763 2056 838 2121 Si
881 2057 1077 2139 igitur
1134 2055 1374 2121 lichani
1420 2075 1537 2121 sex
1598 2077 1743 2122 cum
1789 2057 2168 2142 parhypatis
2214 2063 2513 2141 quattuor
2550 2058 2731 2125 varie
2776 2079 2908 2124 uno

593 2156 1004 2224 tetrachordo
1051 2158 1538 2240 coniunguntur,
1583 2159 1806 2225 media
1833 2161 2181 2235 intervalla
2225 2160 2546 2226 interdum
2581 2161 2910 2245 accipient

593 2266 858 2327 octavas
902 2259 1405 2326 duodecimasve
1450 2262 1585 2326 toni
1631 2268 1867 2344 partes,
1914 2269 2129 2329 tamen
2167 2264 2400 2330 ceteris
2429 2263 2789 2330 intervallis
2822 2263 2911 2329 de

592 2360 984 2429 tetrachordi
1030 2364 1240 2445 spatio
1285 2363 1625 2430 subtractis
1670 2365 1887 2430 statim
1930 2364 2087 2430 fient
2129 2361 2430 2448 γνώριμα
2473 2361 2642 2429 κατὰ
2672 2361 2758 2429 τὰ
2790 2389 2910 2447 με·

591 2468 784 2551 γέθη.
870 2464 1036 2530 Nam
1085 2465 1430 2532 intervalla
1472 2487 1600 2533 non
1644 2467 1905 2534 metitur
1934 2467 2379 2552 Aristoxenus,
2424 2467 2549 2536 nisi
2581 2474 2651 2534 ut
2679 2467 2909 2536 defini-

590 2576 777 2634 antur
833 2565 1061 2643 τάσεις
1117 2588 1448 2651 sonorum3
1509 2570 1564 2635 si
1610 2576 1825 2635 autem
1884 2589 2051 2653 quae
2101 2566 2298 2646 τάσις
2342 2570 2609 2637 definita
2654 2572 2775 2637 erit
2821 2573 2909 2638 ab

591 2671 709 2736 illa
762 2676 977 2753 parte,
1038 2671 1446 2737 manifestum
1506 2678 1605 2738 est
1649 2692 1792 2737 eam
1838 2671 2151 2738 infinitam
2195 2693 2323 2739 non
2370 2675 2462 2739 ita
2504 2673 2664 2756 fieri,
2717 2676 2774 2741 si
2821 2676 2909 2741 ab

591 2771 716 2838 hac
772 2779 957 2854 parte
1018 2773 1374 2838 continetur
1431 2775 1773 2841 intervallo
1829 2773 2161 2841 indefinito
2205 2781 2400 2859 atque
2452 2778 2717 2843 alterius
2762 2780 2909 2843 soni

590 2873 850 2939 mobilis
910 2870 1104 2947 τάσις
1159 2880 1456 2941 mutatur.
1560 2876 1695 2942 Sed
1752 2877 2077 2960 quomodo
2131 2879 2508 2946 mixtionem
2552 2880 2905 2947 tetrachor-

592 2975 819 3042 dorum
878 2995 1005 3041 non
1061 2983 1191 3041 tam
1247 2978 1330 3042 ab
1387 2978 1746 3045 intervallis
1801 2999 1994 3062 quam
2051 3000 2093 3045 a
2136 2981 2311 3047 sonis
2367 2981 2650 3065 pendere
2696 2983 2910 3049 voluit

591 3079 1046 3160 Aristoxenus,
1106 3078 1336 3146 eodem
1397 3081 1463 3145 in
1508 3081 1997 3147 irrationalitate
2042 3084 2255 3165 egisse
2302 3103 2449 3149 eum
2495 3085 2766 3169 conicio,
2812 3086 2909 3151 ita

590 3188 660 3246 ut
703 3200 806 3247 ex.
864 3200 957 3263 gr.
1016 3182 1208 3247 tertia
1252 3183 1384 3248 toni
1444 3202 1595 3265 pars
1640 3184 1705 3248 in
1750 3184 2077 3250 chromate
2133 3186 2314 3251 molli
2366 3188 2449 3253 sit
2492 3188 2908 3254 intervallum

591 3285 906 3351 rationale
924 3334 941 3367 ,
1000 3284 1067 3349 in
1110 3284 1257 3351 aliis
1303 3285 1697 3351 tetrachordi
1739 3286 2132 3354 sectionibus
2179 3289 2568 3368 irrationale,
2620 3290 2803 3356 velut
2849 3293 2909 3357 si

593 3385 758 3452 diesi
805 3385 1261 3453 enharmoniae
1306 3387 1567 3453 additur
1612 3383 1728 3451 ἐπὶ
1773 3384 1850 3451 τὸ
1881 3379 2022 3463 ὀξύ.
2114 3391 2326 3473 Atque
2358 3411 2748 3474 quamquam
2793 3394 2906 3460 vel

592 3486 706 3552 alii
745 3487 886 3553 soni
917 3489 1186 3569 reperiri
1216 3496 1502 3573 possunt,
1549 3491 1661 3572 qui
1694 3492 2112 3557 terminentur
2140 3493 2497 3560 intervallis
2540 3499 2907 3578 γνωρίμοις

590 3591 671 3673 τῇ
719 3585 1042 3672 αἰσθήσει
1084 3625 1166 3634 -
1212 3591 1392 3656 velut
1421 3593 1476 3658 si
1507 3592 1673 3659 diesi
1717 3593 2104 3660 tritemoriae
2136 3596 2200 3660 in
2231 3597 2515 3662 acutiore
2559 3604 2744 3682 parte
2789 3599 2904 3665 ad-

590 3691 709 3757 das
755 3691 1171 3757 hemitonium
1218 3693 1326 3759 vel
1370 3700 1592 3759 tonum
1636 3729 1746 3777 —,
1793 3703 2009 3762 tamen
2054 3699 2149 3763 eis
2194 3719 2353 3781 quas
2399 3701 2666 3784 protulit
2707 3709 2904 3768 tetra-

593 3793 820 3860 chordi
865 3794 1254 3860 sectionibus
1307 3796 1727 3864 rationalibus
1787 3817 1857 3863 se
1903 3800 2292 3866 continuisse
2337 3802 2760 3870 Aristoxenus
2805 3806 2903 3869 vi-

591 3896 809 3976 detur,
869 3896 1171 3977 quoniam
1216 3915 1636 3980 quaecunque
1694 3918 1974 3982 unquam
2020 3903 2374 3986 excogitari
2420 3911 2713 3990 possent,
2760 3914 2902 3974 arte
2953 3915 2958 3920 '

592 4017 711 4064 sua
739 3997 1078 4081 complecti
1123 4006 1188 4063 et
1218 3998 1511 4063 doctrina
1555 4020 1741 4066 usum
1788 4002 2103 4070 excedere
2148 4026 2227 4071 ac
2268 4007 2521 4089 praeire
2567 4014 2741 4075 certe
2784 4030 2900 4075 no-

589 4100 726 4166 luit.
816 4098 1181 4166 Verisimile
1226 4100 1422 4182 igitur
1459 4109 1555 4167 est
1584 4103 2080 4173 rationalitatem
2130 4128 2427 4175 sonorum
2457 4110 2670 4193 potius
2702 4130 2898 4193 quam
