3177 4960
620 331 743 391 276
1577 324 1733 393 Hugo
1768 322 1958 377 Jusatz

620 505 794 572 niam
840 502 1043 568 verba
1086 500 1366 567 maxime
1411 499 1806 584 copulent-ur,
1852 515 2057 580 pausa
2100 499 2335 572 autem,
2383 493 2438 559 si
2482 491 2921 573 intercederet,

623 607 764 674 tolli
807 604 1211 689 positionem.
1300 601 1387 666 At
1431 600 1497 666 in
1541 600 1827 665 trimetro
1873 597 2101 664 eadem
2147 596 2379 680 positio
2436 614 2564 661 non
2611 593 2922 659 invenitur

624 709 748 776 nisi
793 707 953 773 locis
998 704 1293 771 infirmis:
1350 703 1506 770 Hec.
1541 704 1696 766 729:
1730 692 1883 765 οὐδὲ
1917 697 2222 782 ψαύομεν
2268 697 2473 780 codd„
2525 687 2674 760 οὐδ’
2731 690 2921 777 ἐψαύ-

625 832 783 892 ομεν
827 806 1118 889 Bothius,
1165 805 1362 870 Andr.
1413 806 1564 869 346:
1612 795 1784 868 ἀλλὰ
1833 798 2158 885 ψεύσεται
2202 800 2411 883 codd„
2459 790 2608 864 ἀλλ’
2668 793 2923 880 ἐψεύσε·

622 936 739 977 ται
768 911 1109 991 Porsonus,
1155 906 1298 993 Iph.
1332 908 1479 974 Aul.
1515 910 1669 973 530:
1714 888 1885 992 κᾷτα
1921 901 2277 987 ψεύδομαι,
2324 903 2586 969 seclusit
2618 899 2775 967 Ddf.
2808 897 2924 965 Sed

628 1032 853 1080 versus
908 1011 1004 1076 illi
1052 1008 1295 1077 Orestis
1349 1009 1742 1093 (804—806)
1803 1029 1886 1075 ex
1930 1005 2260 1091 Euripidis
2316 1005 2564 1071 fabrica
2622 1001 2926 1087 prodiisse

625 1114 790 1180 mihi
846 1133 974 1180 non
1030 1112 1348 1179 videntur.
1450 1111 1711 1193 Tragici
1770 1110 1941 1176 enim
2008 1108 2333 1175 histrionis
2399 1105 2486 1172 ad
2542 1109 2923 1188 spectatores

629 1215 985 1284 cohortatio
1033 1221 1131 1281 est
1173 1213 1466 1280 inaudita
1502 1220 1566 1280 et
1595 1211 1907 1297 Euripide
1953 1216 2215 1277 auctore
2257 1228 2484 1293 parum
2531 1207 2752 1290 digna,
2798 1226 2925 1273 cum

630 1318 783 1385 boni
828 1319 913 1384 sit
956 1317 1184 1399 tragici
1243 1317 1511 1383 virtutes
1570 1314 1806 1381 docere
1865 1319 1930 1379 et
1974 1314 2136 1379 vitia
2193 1311 2441 1378 diluere
2499 1309 2638 1376 sine
2697 1309 2925 1394 praeci-

629 1417 853 1504 piendi
897 1418 1145 1484 ratione
1202 1417 1490 1496 (Aristot.
1526 1418 1608 1484 de
1639 1422 1776 1483 arte
1822 1420 1991 1500 poet.
2039 1432 2092 1479 c.
2132 1417 2236 1478 19:
2281 1408 2364 1476 τὰ
2395 1410 2516 1494 μὲν
2563 1412 2726 1489 (scil.
2763 1409 2833 1474 τό
2864 1431 2926 1474 τε

630 1513 1106 1586 ἀποδεικνύναι
1153 1520 1265 1584 καὶ
1309 1515 1385 1584 τὸ
1435 1516 1639 1594 λύειν)
1691 1516 1793 1583 δεῖ
1837 1519 2215 1603 φαίνεσθαι
2261 1506 2416 1579 ἄνευ
2463 1511 2925 1591 διδασκαλίας).

633 1623 704 1689 Si
750 1630 965 1689 tamen
1009 1642 1265 1689 versum
1311 1621 1491 1688 illum
1536 1622 1815 1687 retinere
1860 1620 1980 1702 vis,
2028 1618 2120 1683 nil
2166 1617 2455 1699 restabit,
2499 1637 2697 1701 quam
2727 1622 2795 1682 ut
2818 1617 2927 1682 arti

634 1726 764 1792 iam
809 1724 1204 1810 depravatae
1250 1744 1396 1791 eum
1439 1723 1790 1791 adscribas.

1532 2042 1822 2110 CAPUT
1863 2029 2037 2109 xlv.

1356 2175 1470 2253 De
1523 2179 1684 2276 leye
1736 2175 2219 2254 Porsom‘ana.

811 2332 992 2411 Quae
1024 2337 1238 2398 autem
1286 2337 1385 2398 est
1415 2331 1578 2417 legis
1612 2332 2046 2399 Porsonianae
2093 2332 2317 2397 intima
2362 2332 2523 2398 ratio
2568 2351 2645 2398 ac
2679 2331 2930 2398 natura?

636 2436 836 2522 Atqui
868 2434 1099 2503 evitari
1129 2454 1397 2520 pausam
1429 2442 1574 2519 post
1607 2436 1864 2520 longam
1905 2435 2079 2502 arsin
2113 2434 2240 2500 iam
2271 2433 2385 2501 alii
2418 2432 2736 2503 viderunt.
2812 2435 2927 2501 Etsi

640 2543 809 2607 enim
841 2541 983 2606 loco
1018 2539 1130 2604 illo
1163 2538 1477 2605 interduo
1510 2538 1712 2605 verba
1735 2538 2056 2619 inciditur,
2093 2543 2307 2603 tamen
2331 2538 2463 2603 alia
2485 2538 2712 2605 incisio
2741 2539 2929 2605 vicina

639 2643 953 2709 maiorum
978 2640 1316 2707 verborum
1349 2642 1533 2723 quasi
1568 2640 1810 2707 hiatum
1836 2639 2052 2722 efficit,
2087 2641 2179 2706 ita
2208 2646 2277 2705 ut
2309 2660 2438 2707 vox
2470 2638 2795 2707 histrionis
2824 2660 2930 2706 non

640 2750 908 2827 cogatur
951 2743 1268 2826 respirare
1313 2748 1462 2826 post
1505 2744 1679 2809 arsin
1723 2742 2208 2827 paenultimam,
2253 2742 2393 2808 sive
2424 2743 2684 2824 gravior
2725 2743 2929 2809 incisio

642 2853 740 2913 est
769 2850 918 2910 ante
964 2844 1136 2909 arsin
1168 2845 1624 2927 paenultimam
1670 2846 1809 2911 sive
1843 2850 1992 2929 post
2020 2842 2234 2910 thesin
2263 2844 2746 2928 paenultimam.
2820 2842 2930 2910 Sed

643 2966 754 3013 cur
785 2944 1045 3012 tandem
1084 2952 1229 3028 post
1258 2946 1431 3012 arsin
1463 2948 1722 3029 longam
1755 2948 2031 3013 evitatur
2063 2946 2309 3023 incIsi0,
2360 2952 2506 3030 post
2536 2948 2799 3014 brevem
2827 2966 2931 3012 non

642 3047 845 3114 item‘?
922 3047 1016 3113 Ac
1048 3045 1364 3113 Christius
1398 3048 1658 3131 quidem
1692 3049 1775 3133 (p.
1813 3050 1959 3124 339)
1995 3047 2172 3131 dicit,
2218 3048 2274 3115 si
2304 3054 2452 3132 post
2481 3050 2653 3115 arsin
2696 3050 2930 3132 longam

643 3151 961 3218 incidatur
1006 3154 1312 3233 metrum,
1360 3149 1718 3234 spondeum
1761 3149 2247 3218 antecedentem
2295 3152 2510 3218 versui
2555 3150 2722 3218 adeo
2767 3151 2932 3217 finem

643 3256 855 3321 facere
881 3253 1109 3334 videri,
1141 3259 1211 3318 ut
1237 3253 1507 3320 creticus
1541 3259 1864 3320 extremus
1888 3259 2089 3321 metro
2121 3253 2470 3339 superaddi
2501 3255 2734 3339 potius,
2768 3272 2933 3338 quam

592 3397 607 3411 ·
645 3377 787 3423 cum
837 3375 914 3422 eo
959 3353 1307 3422 cohaerere
1359 3354 1673 3422 videatur.
1766 3354 1884 3422 Cui
1928 3356 2021 3421 rei
2083 3360 2308 3421 testem
2365 3357 2688 3439 quispiam
2732 3356 2933 3422 afferat

646 3455 1147 3534 Quinctilianum
1177 3457 1272 3521 IX
1297 3461 1357 3538 4,
1384 3459 1463 3521 93
1480 3477 1606 3541 sq.:
1640 3458 1972 3533 „clausula
2003 3476 2258 3540 quoque
2291 3476 2327 3523 e
2356 3457 2568 3540 longis
2600 3457 2934 3523 firmissima

647 3564 777 3640 est;
821 3555 938 3623 sed
971 3556 1231 3623 cludent
1263 3559 1457 3624 etiam
1491 3559 1742 3642 brevest,
1791 3560 2086 3641 quamvis
2119 3557 2432 3625 habeatur
2462 3559 2828 3625 indifferens
2856 3555 2933 3620 ul·

647 3661 804 3726 tima
835 3706 1093 3740 .......
1139 3680 1325 3726 aures
1371 3667 1585 3727 tamen
1634 3661 1973 3728 consulens
2018 3680 2197 3728 meas
2229 3661 2521 3743 intelligo
2570 3663 2825 3727 multum
2852 3676 2930 3722 re-

646 3763 835 3844 ferre,
880 3780 1116 3828 verene
1147 3762 1342 3844 longa
1371 3764 1473 3845 sit,
1520 3783 1688 3847 quae
1719 3763 1944 3845 cludit,
1991 3784 2075 3829 an
2105 3782 2220 3847 pro
2253 3764 2447 3847 longa
2493 3812 2718 3829 ......
2762 3761 2930 3842 Atqui

647 3865 701 3931 si
733 3862 898 3929 nihil
938 3862 1152 3946 refert,
1202 3863 1415 3930 brevis
1458 3885 1540 3930 an
1571 3867 1767 3949 longa
1797 3867 1881 3931 sit
1911 3866 2156 3950 ultima,
2203 3865 2375 3931 idem
2408 3885 2524 3950 pes
2558 3866 2696 3943 erit,
2740 3882 2931 3932 verum

649 3967 868 4033 nescio
901 3984 1027 4048 quo
1060 3971 1250 4048 pacto
1298 3966 1552 4032 sedebit
1581 3966 1724 4051 hoc,
1769 3967 1931 4033 illud
1976 3968 2344 4034 subsistet.“
2420 3969 2506 4033 At
2536 3974 2707 4036 certe
2736 3974 2800 4032 ut
2824 3983 2931 4031 me-

649 4071 951 4137 tricorum
996 4068 1686 4153 grammaticorumque
1732 4075 1927 4152 atque
1959 4069 2123 4137 adeo
2170 4078 2504 4155 poetarum
2539 4073 2933 4138 Romanorum
