3177 4960
824 341 907 396 De
940 340 1352 397 irrationalitate
1387 340 1568 397 studia
1602 341 1922 411 rhythmica.
2404 344 2526 405 319

211 517 322 583 vel
353 517 526 583 male
558 517 829 584 correcti
860 513 1116 593 (Bacch.
1152 516 1308 580 998:
1340 515 1498 598 περὶ
1525 510 1633 593 σὰ,
1669 504 1928 596 Βάκχι’,
1962 507 2190 599 ὅρ-για
2223 513 2246 599 ΙΙ
2276 516 2531 601 ματρός

211 645 287 687 τε
334 622 480 700 σᾶς,
538 621 604 685 in
651 638 778 702 quo
822 623 1085 703 propter
1131 617 1454 700 synizesin
1499 616 1856 683 inauditam
1904 613 2061 702 ἔργα
2105 619 2300 686 scribi
2345 620 2530 687 iussit

217 724 598 805 Elmsleiu83
656 723 806 787 Eur.
839 721 935 786 El.
976 724 1132 786 479:
1191 715 1417 783 ἔκανεν
1470 716 1770 803 <ἕκανεν>
1827 710 2114 804 ὄιν-ὁρῶν
2156 718 2179 804 ΙΙ
2219 719 2527 806 Τυνδαρὶ,

216 825 304 893 σὰ
350 827 582 908 Myce-a
626 821 983 909 κακόφρων
1027 819 1265 906 κούρας
1313 818 1538 886 ἔκανεν
1573 822 1905 907 supplevit
1934 823 2359 909 Hermannus,
2406 825 2528 891 for-

214 938 420 998 tasse:
480 920 740 1012 ἀνδρῶν
798 922 1023 989 ἐ’κανεν
1083 921 1308 989 ἕκα-νε
1359 921 1552 988 Τυνὸ.
1599 924 1706 991 vel
1762 915 2020 1010 ἀνδρῶν
2078 916 2254 990 ἔκαν’
2323 923 2529 1006 ἔκανε,

220 1030 550 1117 Τυνδαρὶ,
610 1025 695 1093 τὰ
743 1026 829 1093 σὰ
876 1027 1066 1109 λέχεα
1111 1008 1462 1112 κακὸφρων
1507 1023 1712 1110 κούρα
1758 1027 1866 1093 vel
1913 1023 2137 1092 ἔκανεν
2182 1019 2360 1092 ἕκαν’
2414 1019 2530 1093 ἄν·

215 1135 424 1220 decb,-
468 1132 610 1219 Iph.
646 1133 840 1197 Taur.
874 1134 1029 1195 646:
1078 1125 1158 1193 σύ
1210 1126 1280 1193 δὲ
1324 1127 1521 1209 τύχας
1564 1132 1956 1214 μακαί-ρας,
1993 1127 2014 1211 ΙΙ
2049 1112 2104 1192 ὦ
2151 1133 2384 1247 νξῖνία
2414 1132 2529 1196 mi·

217 1259 335 1306 nus
381 1242 560 1304 recte
604 1232 1071 1315 Kirchhoffius,
1135 1228 1214 1296 σύ
1264 1229 1336 1295 δὲ
1380 1228 1578 1312 τύχας
1621 1229 1874 1317 μάκαρ,
1936 1230 2012 1297 σὲ
2071 1223 2135 1295 δ’
2199 1256 2252 1295 ω
2298 1236 2530 1321 νεανία

216 1342 660 1420 Hermannus;
692 1342 933 1404 restant
954 1335 1089 1400 Ion.
1126 1338 1278 1400 797:
1315 1330 1565 1418 αἰθέρα
1597 1331 1835 1418 πόρσω
1867 1336 1985 1414 (sic
2018 1335 2259 1420 Dindf„
2292 1332 2530 1420 πρόσω

213 1442 431 1520 codd.)
460 1444 693 1526 γαί-ας
726 1439 749 1520 ΙΙ
775 1432 1148 1518 Ἑλλανίας,·
1195 1443 1257 1503 ct
1288 1437 1479 1504 Herc.
1510 1436 1629 1502 fur.
1664 1440 1820 1503 917:
1867 1437 2017 1513 πῶς
2046 1438 2249 1503 παισὶ
2298 1459 2531 1503 στενα-

210 1543 374 1612 κτὰν
407 1543 432 1629 ΙΙ
468 1536 635 1608 ὅταν
684 1534 869 1606 ὅταν.
958 1541 1033 1605 In
1079 1539 1193 1605 illo
1238 1538 1419 1605 aliud
1464 1558 1720 1623 quoque
1770 1541 1999 1606 vitium
2043 1542 2229 1625 inest,
2276 1539 2358 1607 de
2402 1561 2529 1624 quo

209 1654 454 1735 postca.
484 1648 572 1730 (p.
608 1646 778 1729 342),
822 1649 1224 1725 metrumque
1254 1642 1586 1724 incertum,
1634 1640 1803 1709 hunc
1833 1642 2078 1710 scribas
2108 1642 2311 1707 παισὶ
2344 1640 2520 1725 πῶςΙ

210 1746 572 1816 στενακτὰν
616 1742 816 1828 ἅτανς
863 1745 1136 1813 creticus
1166 1744 1339 1810 enim
1370 1742 1691 1810 dochmiis
1735 1745 2164 1827 praemittitur
2208 1751 2356 1831 post
2398 1763 2528 1811 me·

209 1862 379 1921 trum
427 1852 773 1919 iambicum
821 1854 886 1916 et
930 1848 1125 1932 paulo
1177 1851 1370 1912 antea
1425 1848 1554 1922 (vv.
1605 1847 1749 1910 897.
1796 1849 1940 1912 910.
1989 1849 2139 1924 912)
2197 1853 2262 1914 et
2304 1853 2532 1932 postea

205 1958 288 2035 (v.
336 1959 508 2033 921).

388 2057 523 2125 Sed
552 2057 751 2123 misso
774 2060 983 2120 utrum
1006 2054 1116 2120 lex
1138 2052 1536 2119 Porsoniana
1563 2052 1943 2138 pertinuerit
1962 2051 2049 2119 ad
2072 2051 2389 2120 eiusmodi
2419 2053 2530 2121 do-

209 2162 479 2244 chmios‚
527 2165 881 2227 statuamus
923 2157 989 2221 in
1021 2153 1339 2222 dochmiis
1371 2174 1413 2220 a
1440 2154 1732 2238 spondeo
1777 2155 2234 2238 incipientibus
2279 2156 2529 2241 primae

210 2263 702 2350 productionem
763 2279 905 2326 cum
950 2258 1213 2324 alterius
1273 2257 1676 2340 correptione
1734 2255 1894 2323 fieri.
1982 2257 2183 2324 Inerit
2227 2258 2421 2341 igitur
2464 2260 2529 2325 in

210 2388 287 2435 eo
334 2365 568 2433 eadem
615 2361 1123 2428 irrationalitatis
1169 2360 1441 2444 species,
1466 2357 1664 2442 {quae
1708 2359 1773 2423 in
1820 2358 2136 2442 glyconeo
2182 2360 2264 2424 ab
2310 2360 2525 2427 iambo

209 2470 564 2554 incipiente
596 2463 892 2533 accidere
920 2467 1151 2547 potest.
1226 2460 1464 2528 Forma
1497 2466 1710 2529 amem
1760 2457 2129 2542 rhythmica
2173 2460 2527 2553 rationalis,

207 2573 290 2641 ad
340 2591 537 2656 quam
582 2566 971 2634 irrationalis
1016 2565 1302 2647 inclinat,
1350 2564 1472 2629 erit
1516 2569 1584 2628 ut
1615 2564 1681 2627 in
1726 2562 1841 2629 illo
1887 2563 2269 2646 glyconeum
2315 2583 2357 2629 a
2399 2569 2525 2630 tro-

208 2676 415 2743 chaeo
465 2673 814 2755 incipiens,
874 2669 966 2736 ita
1009 2668 1075 2734 in
1122 2665 1245 2733 hoc
1291 2685 1371 2732 ea
1415 2663 1700 2731 dochmii
1743 2666 1983 2749 forma,
2046 2684 2211 2749 quae
2258 2666 2528 2749 praebet

207 2777 496 2863 speciem
528 2772 850 2858 tripodiae
880 2769 1245 2837 trochaicae
1292 2768 1729 2846 catalecticae,
1778 2768 1990 2850 qualis
2019 2768 2084 2833 in
2115 2767 2527 2851 periodorum

206 2879 736 2947 dochmiacarum
804 2872 1087 2941 exordiis
1144 2870 1463 2937 interdum
1520 2876 1862 2955 usurpatur
1920 2869 2049 2947 (Or.
2115 2874 2234 2935 140
2268 2891 2345 2931 ω
2379 2875 2521 2938 153.

207 2979 513 3048 Heracld.
542 2980 715 3042 82oe
735 2980 874 3042 103.
903 2975 1038 3041 Ion.
1073 2975 1238 3050 799).
1313 2971 1384 3038 Si
1413 2978 1630 3038 autem
1661 2979 1866 3038 metra
1896 2972 2024 3038 duo
2056 2973 2521 3057 coniungimus,

206 3083 358 3150 inde
406 3082 619 3148 elucet
662 3077 1031 3146 dochmium
1078 3081 1470 3143 octasemum
1516 3075 1608 3141 ita
1652 3080 1856 3141 ortum
1905 3094 2065 3159 esse,
2112 3081 2181 3141 ut
2225 3094 2523 3141 numerus

209 3186 523 3253 iambicus
580 3202 663 3249 ex
707 3182 940 3267 prioris
984 3180 1168 3246 metri
1221 3176 1346 3243 fine
1394 3180 1457 3242 in
1504 3178 1878 3261 posterioris
1936 3177 2182 3242 initium
2232 3174 2519 3242 trochae-

212 3289 358 3354 oide
403 3288 735 3370 irreperet.
825 3284 1063 3349 Tactus
1109 3286 1322 3346 autem
1367 3279 1560 3362 aequi
1606 3280 1835 3362 spatio,
1883 3297 1918 3344 e
1965 3279 2195 3361 quibus
2243 3276 2524 3345 dochmii

208 3389 457 3457 numeri
487 3388 793 3471 iniquitas
823 3384 1025 3468 fluxit,
1074 3388 1259 3450 erunt
1303 3381 1627 3466 spondeus
1660 3385 1725 3446 et
1768 3378 2291 3464 amphibrachys,
2339 3380 2517 3447 cuius

207 3494 383 3578 prior
430 3488 650 3556 brevis
694 3487 1065 3572 percutitur.

2114 4192 2209 4243 21*
