3177 4960
620 341 746 400 264
1591 340 1749 409 nugo
1783 339 1972 396 Jusatz

619 522 690 581 ut
747 514 1034 582 eiusdem
1084 512 1413 580 Plutarchi
1460 514 1674 598 capite
1718 519 1903 581 sexto
1950 512 2327 593 edocemur,
2387 513 2454 577 in
2498 513 2595 596 τῷ
2641 515 2942 599 μεταφέ-

621 640 760 701 ρειν
810 613 933 692 τὰς
979 610 1305 701 ἁρμονίας
1347 616 1460 680 καὶ
1503 611 1662 691 τοὺς
1708 613 2041 700 ῥυθμοὺς,
2104 614 2174 680 id
2219 614 2393 698 quod
2437 635 2479 680 a
2521 616 2972 692 vetustiorum,

619 726 758 787 arte
822 718 1011 803 μεχρὶ
1079 719 1196 802 τῆς
1268 715 1600 802 Φρύνιδος
1666 712 1931 803 ἡλικίας
1994 716 2402 784 abhorrebat.
2507 717 2789 784 Diversa
2845 726 2944 785 est

620 824 815 905 igitur
851 820 1231 904 metaphora
1260 841 1301 887 a
1330 820 1673 887 metabole.
1761 820 1946 886 Hanc
1993 820 2162 885 enim
2210 839 2251 884 a
2295 820 2542 903 primae
2587 820 2940 887 secundae-

620 943 747 1007 que
802 925 1036 990 aetatis
1082 924 1364 990 musicae
1429 924 1643 1006 poetis
1702 941 1830 988 non
1889 923 2171 989 alienam
2226 921 2424 988 fuisse
2482 928 2750 988 testatur
2796 923 2944 988 Plu·

617 1025 881 1093 tarchus
908 1028 1190 1104 (auctore
1213 1025 1524 1093 videlicet
1546 1025 1960 1102 Aristoxeno)
1994 1045 2046 1091 c.
2081 1025 2184 1106 21,
2226 1042 2367 1090 cum
2399 1023 2558 1090 dicit
2587 1025 2939 1107 Tyrtaeum

621 1128 947 1195 Andream
1006 1126 1452 1211 Thrasyllum,
1509 1132 1800 1195 veterum
1844 1132 2178 1209 poetarum
2239 1125 2587 1208 quosdam,
2647 1128 2939 1193 consulto

621 1231 1012 1298 abstinuisse
1062 1225 1411 1312 χρώματός
1454 1252 1528 1293 τε
1582 1231 1696 1295 καὶ
1752 1227 2126 1312 μεταβολῆς
2179 1228 2291 1293 καὶ
2336 1225 2786 1311 πολυχορδίας
2829 1229 2937 1292 καὶ

622 1325 844 1397 ἄλλων
890 1331 1163 1396 πολλῶν
1210 1328 1277 1396 ἐν
1333 1333 1517 1416 μέσῳ
1564 1324 1777 1396 ὄντων
1837 1330 2117 1416 ῥυθμῶν
2160 1352 2235 1393 τε
2280 1329 2391 1394 καὶ
2447 1323 2785 1414 ἁρμονιῶν
2829 1331 2937 1395 καὶ

623 1432 883 1510 λέξεων.
972 1436 1075 1500 Ab
1134 1434 1364 1501 eodem
1410 1433 1755 1501 Plutarcho
1814 1437 1896 1511 (c.
1931 1436 1991 1511 8)
2038 1432 2334 1500 Sacadae
2377 1429 2581 1514 νόμος
2626 1429 2935 1520 τριμερὴς

622 1538 714 1604 ita
781 1536 989 1605 dictus
1055 1556 1198 1603 esse
1265 1532 1376 1601 διὰ
1433 1533 1552 1619 τὴν
1611 1531 1986 1621 μεταβολὴν
2042 1535 2334 1602 traditur.
2433 1535 2531 1602 Ac
2586 1534 2931 1602 Pindarum

623 1638 886 1723 quidem
918 1640 1239 1706 metabole
1269 1637 1637 1723 rhythmica
1680 1640 1838 1706 satis
1870 1658 2056 1705 usum
2100 1657 2243 1705 esse
2288 1658 2431 1704 cum
2479 1638 2610 1704 alia
2656 1639 2936 1705 carmina

623 1748 757 1808 tum
804 1741 1199 1825 dithyrambi
1243 1742 1673 1825 fragmentum
1708 1744 1814 1821 (53
1847 1740 2040 1824 ng.)
2084 1740 2539 1807 demonstrant.
2630 1739 2935 1807 Definivit

620 1850 837 1911 autem
884 1846 1304 1912 Aristoxenus
1348 1845 1455 1921 (el.
1502 1842 1707 1910 harm.
1752 1865 1816 1929 p.
1853 1847 1954 1919 54,
1992 1845 2069 1907 18
2100 1842 2301 1927 qu.)
2346 1838 2723 1927 μεταβολὴν
2768 1842 2932 1909 hunc

622 1948 690 2012 in
724 1947 1010 2013 modum:
1059 1947 1225 2029 λέγω
1274 1943 1422 2030 (τὴν
1466 1944 1866 2032 μεταβολὴν)
1910 1936 1976 2009 δ’
2032 1942 2176 2010 οἷον
2219 1942 2495 2020 πάθους
2539 1942 2726 2021 τινὸς
2771 1967 2932 2029 συμ-

619 2051 969 2131 βαίνοντος
1015 2045 1081 2114 ἐν
1126 2049 1207 2132 ‘cy'
1262 2050 1379 2132 τῆς
1437 2047 1772 2132 μελῳδίας
1826 2045 2013 2124 τάξει
2070 2049 2173 2126 (cf.
2218 2047 2584 2131 Marquard.
2633 2069 2744 2132 pp.
2791 2052 2928 2115 244.

627 2155 749 2217 315
782 2154 967 2234 sqq.).
1057 2151 1157 2218 De
1189 2170 1319 2233 qua
1349 2152 1633 2217 musicae
1666 2150 2051 2235 disciplinae
2079 2156 2263 2235 parte
2292 2149 2675 2217 disseruisse
2707 2150 2932 2219 dicitur

627 2254 1050 2320 Aristoxenus
1096 2255 1160 2318 in
1193 2253 1510 2321 conviviis
1543 2256 1650 2332 (ε
1675 2254 1741 2318 in
1789 2264 2184 2335 συμμικτοῖς
2230 2263 2674 2334 συμποτικοῖς
2702 2253 2931 2321 Mahne

622 2378 687 2442 p.
724 2358 867 2433 146)
915 2362 978 2423 et
1021 2355 1106 2421 ad
1163 2357 1343 2438 leges
1388 2375 1695 2423 revocare
1741 2355 2065 2423 studuisse
2112 2355 2299 2433 (Plut.
2347 2375 2476 2422 non
2518 2375 2714 2439 posse
2759 2377 2931 2424 suav.

623 2460 760 2527 vivi
806 2478 933 2526 sec.
980 2457 1157 2542 Epic.
1210 2461 1321 2541 13,
1369 2462 1408 2522 4
1452 2478 1515 2542 p.
1568 2461 1731 2524 1095
1765 2457 1864 2534 Ε).
1953 2455 2128 2536 Quid
2185 2477 2339 2525 vero
2397 2458 2482 2525 sit
2536 2461 2931 2545 μεταφέρειν

622 2559 743 2639 τὰς
777 2556 1101 2647 ἁρμονίας
1146 2562 1210 2641 (i.
1247 2582 1303 2628 e.
1336 2557 1494 2637 τοὺς
1524 2557 1760 2637 τόνους
1804 2560 2157 2626 secundum
2201 2560 2704 2644 Aristoxenum),
2753 2562 2933 2629 docet

625 2665 971 2732 Philoxeni
1029 2663 1486 2746 dithyrambici
1532 2663 1707 2730 illius
1753 2663 2056 2746 exemplo
2100 2663 2481 2730 Aristoteles
2524 2664 2739 2739 (Polit.
2788 2663 2931 2729 VIII

629 2774 700 2851 7,
745 2771 827 2846 9).
916 2768 1084 2833 Nam
1145 2763 1538 2846 Φιλόξενος,
1597 2767 1838 2849 inquit,
1901 2761 2332 2852 ἐπιχειρήσας
2391 2762 2459 2829 ἐν
2503 2766 2601 2849 τῴ
2659 2764 2929 2850 δωριστὶ

627 2870 913 2952 ποιῆσαι
960 2864 1384 2952 διθύραμβον
1425 2864 1582 2944 τοὺς
1628 2864 1933 2948 ΠΙυσοὺς,
1985 2859 2097 2948 οὐχ
2145 2864 2287 2944 οἶός
2330 2858 2395 2932 τ’
2450 2851 2550 2950 ἦν,
2599 2859 2748 2932 ἀλλ’
2800 2863 2926 2933 ὑπὸ

622 2972 743 3058 τῆς
788 2962 1054 3056 φύσεως
1088 2963 1289 3054 αὐτῆς
1333 2966 1645 3047 ἐξέπεσεν
1677 2968 1774 3046 εἰς
1815 2966 1892 3034 τὸ
1944 2970 2258 3056 φρυγιστὶ
2303 2967 2422 3055 τὴν
2469 2969 2929 3058 προσήκουσαν

624 3073 790 3157 (scil.
852 3067 1201 3155 ἁρμονίαν)
1259 3070 1468 3138 πάλιν
1526 3074 1762 3152 (simile
1819 3073 2146 3156 quoddam
2190 3074 2356 3139 Plut.
2401 3072 2484 3140 de
2529 3094 2690 3140 mus.
2723 3095 2775 3141 c.
2809 3076 2925 3150 33).

627 3177 698 3243 Si
743 3177 936 3261 igitur
979 3172 1316 3262 μεταβολὴ
1350 3182 1448 3243 est
1478 3195 1558 3242 ea
1587 3177 1878 3257 mutatio,
1926 3195 2041 3258 per
2087 3196 2278 3260 quam
2325 3177 2406 3242 ab
2454 3177 2583 3243 alio
2629 3176 2716 3242 ad
2759 3175 2927 3243 aliud

625 3280 762 3347 sive
810 3279 1219 3347 harmonicae
1251 3280 1392 3347 sive
1421 3276 1830 3363 rhythmicae
1875 3278 2357 3362 compositionis
2402 3297 2603 3361 genus
2649 3280 2929 3363 legitime

625 3383 926 3449 transitur
966 3388 1120 3465 tum,
1168 3402 1313 3450 cum
1336 3378 1572 3456 πάθος
1620 3379 2111 3464 exprimendum
2156 3387 2272 3463 est,
2318 3376 2673 3465 μεταφορὰ
2718 3387 2932 3448 contra

627 3486 748 3550 erit
805 3503 883 3551 ea
926 3485 1227 3569 mutatio,
1285 3485 1352 3550 in
1407 3504 1536 3567 qua
1593 3484 1841 3549 animus
1897 3483 2255 3550 variatione
2307 3504 2433 3550 non
2478 3482 2749 3551 afficitur
2783 3483 2931 3549 sive

624 3686 789 3751 Jahn)
827 3682 1117 3738 memoriae
1150 3683 1391 3752 tradidit,
1429 3678 1508 3750 ὡς
1531 3687 1769 3758 πρῶτος
1791 3686 1910 3740 τῶν
1934 3676 2240 3755 Ἀθήνηθεν
2275 3686 2532 3755 ποιητῶν
2567 3679 2667 3754 τὴν
2688 3686 2935 3757 φρυγίαν

627 3771 974 3842 μελοποιίαν
1009 3769 1090 3834 εἰς
1123 3764 1194 3826 τὰ
1234 3765 1344 3826 ἴδια
1382 3765 1615 3849 ᾅσματα
1653 3768 1950 3843 παρέλαβε
1984 3771 2083 3824 καὶ
2118 3772 2223 3825 τοῦ
2260 3771 2673 3840 διθυραμβικοῦ
2706 3763 2933 3838 τρόπου

629 3857 729 3923 (sic
764 3872 888 3911 cum
925 3853 1082 3910 codd.
1120 3854 1326 3923 aliquot
1361 3855 1651 3924 Bergkius)
1697 3854 1978 3924 κατέμιξε.
2049 3854 2099 3905 A
2141 3869 2245 3923 quo
2262 3855 2687 3928 ,διθυραμβικῷ
2726 3851 2930 3927 τρόπῳ

628 3941 841 3998 diversa
875 3955 997 3996 esse
1019 3940 1233 3995 videtur
1259 3935 1640 4013 διθυραμβικὴ
1666 3934 1882 4013 ἀγωγή,
1917 3940 1974 3994 in
2001 3954 2162 4009 quam
2190 3937 2455 3995 convertit
2478 3953 2725 3994 numeros
2748 3937 2928 4006 (μετέ-

629 4045 801 4099 στησε
837 4019 972 4091 τοὺς
1007 4021 1265 4098 ῥυθμοὺς
1309 4025 1451 4081 Plut.
1489 4025 1554 4080 de
1593 4041 1730 4080 mus.
1759 4026 1843 4090 29)
1885 4024 1992 4079 iam
2029 4025 2210 4080 Lasus
2243 4023 2677 4090 Hermionensis‚
2711 4022 2928 4077 Pindari

625 4116 966 4183 praeceptor.
