3177 4960
612 336 734 396 280
1576 334 1734 403 nugo
1770 334 1959 390 Jusatz

610 509 695 577 de
754 510 972 576 metris
1040 506 1412 574 choriambo
1435 542 1459 555 -
1484 507 1781 575 iambicis
1845 526 2156 592 usurpare
2211 526 2340 572 non
2400 506 2659 591 dubito,
2726 513 2927 592 atque

609 611 776 679 adeo
837 611 920 678 de
966 608 1249 695 syzygiis
1306 609 1603 677 iambicis
1663 615 1728 676 et
1770 609 2114 677 trochaicis
2173 609 2653 676 irrationalibus
2709 614 2925 694 possis

610 714 848 797 dicere,
896 713 1196 797 quoniam
1242 713 1309 777 in
1342 712 1638 779 omnibus
1683 711 2004 779 eiusmodi
2034 712 2254 778 metris
2288 712 2532 778 similes
2563 717 2926 797 temporum

610 816 996 882 mutationes
1040 809 1530 898 (παραλλαγὰς)
1577 815 1790 881 inesse
1835 815 2057 898 liquet.

782 918 920 983 Iam
965 915 1530 984 demonstrandum
1579 922 1677 982 cst
1706 915 2024 999 syllabam
2071 913 2330 981 dimetri
2359 915 2553 981 ionici
2599 935 2642 981 a
2671 918 2921 984 minore

607 1020 1012 1087 anaclomeni
1057 1025 1368 1104 quartam,
1416 1020 1703 1102 quintam
1751 1018 2006 1086 dimetri
2051 1018 2471 1085 choriambici
2516 1020 2917 1086 anaclomeni

610 1122 939 1206 praeditas
986 1141 1127 1189 esse
1172 1120 1402 1188 eadem
1443 1121 1952 1187 irrationalitatis
1995 1120 2320 1204 facultate,
2367 1139 2496 1203 qua
2525 1122 2726 1187 utitur
2756 1124 2921 1191 arsis

609 1224 878 1309 lecythii
923 1223 1336 1309 paenultima.
1424 1222 1827 1290 Hermannus
1884 1222 1997 1289 ille
2042 1221 2305 1306 quidem
2350 1222 2470 1300 (El.
2502 1222 2703 1290 doctr.
2736 1231 2919 1291 metr.

610 1349 672 1412 p.
707 1328 855 1406 465)
901 1325 1195 1409 negavit,
1243 1346 1386 1392 cum
1433 1324 1678 1392 diceret
1721 1325 1995 1391 formam
2039 1324 2236 1391 ionici
2279 1325 2701 1409 anaclomeni,
2749 1347 2919 1411 quae

613 1434 842 1512 quarta
886 1428 1141 1512 syllaba
1185 1427 1381 1493 utitur
1409 1426 1626 1509 longa,
1673 1431 1965 1493 constare
2000 1445 2084 1493 ex
2114 1425 2324 1493 ionico
2355 1445 2537 1510 puro,
2584 1428 2688 1493 cui
2714 1427 2920 1494 adde·

609 1537 783 1598 retur
841 1536 954 1596 aut
1009 1529 1420 1596 ditrochaeus
1480 1534 1593 1594 aut
1650 1528 1945 1612 epitritus
2004 1527 2340 1595 secundus.
2399 1528 2632 1612 .Nam,
2691 1531 2920 1615 inquit,

609 1634 690 1700 ob
736 1633 805 1699 id
848 1634 1098 1718 ipsum,
1159 1631 1311 1715 quia
1366 1631 1481 1697 illa
1523 1631 1771 1698 sociata
1827 1650 1970 1697 cum
2016 1636 2326 1713 sequente
2382 1629 2533 1697 huic
2577 1631 2921 1700 dimidium

612 1737 710 1804 sui
755 1735 1066 1817 attribuit,
1113 1754 1240 1801 non
1286 1739 1498 1818 potest
1541 1733 1750 1799 maior
1795 1731 2067 1799 dimidio
2113 1734 2178 1809 (i.
2213 1752 2268 1799 e.
2313 1733 2725 1810 irrationalis)
2776 1755 2923 1803 esse

614 1839 941 1922 eximique
985 1838 1467 1920 comparatione
1513 1837 1659 1920 illa,
1723 1855 1840 1920 per
1885 1855 2078 1919 quam
2123 1835 2327 1903 solam
2374 1837 2722 1904 sustinetur
2767 1859 2922 1905 ana-

611 1940 822 2006 clasis.
911 1938 998 2003 At
1041 1937 1313 2003 dimidia
1357 1938 1530 2004 illius
1577 1943 1908 2004 extremae
1953 1938 2018 2002 in
2064 1937 2276 2005 ionico
2320 1958 2362 2003 a
2391 1939 2636 2006 minore
2682 1942 2923 2026 longae

609 2061 759 2126 pars
820 2040 905 2107 ad
950 2046 1203 2124 tempus
1256 2040 1599 2123 insequens
1656 2038 1824 2106 trahi
1881 2039 2123 2124 potuit,
2178 2040 2455 2108 minores
2512 2048 2730 2125 partes
2790 2066 2922 2111 non

607 2142 999 2229 potuerunt?
1074 2146 1287 2226 Atque
1323 2143 1378 2208 si
1408 2143 1688 2209 ionicum
1729 2143 2217 2209 anaclomenum
2247 2162 2331 2209 ex
2360 2143 2572 2209 ionico
2602 2165 2643 2210 a
2672 2147 2924 2214 minore

613 2253 676 2312 et
719 2246 991 2329 syzygia
1034 2243 1364 2311 trochaica
1406 2243 1635 2310 addita
1678 2250 2030 2328 constaret,
2094 2264 2221 2328 quo
2281 2244 2538 2312 tandem
2599 2253 2792 2329 pacto
2852 2251 2923 2315 in

611 2354 905 2434 quartam
948 2347 1171 2414 sedem
1216 2367 1333 2431 pro
1377 2346 1575 2429 longa
1620 2346 1856 2431 illapsa
1900 2353 1998 2413 est
2042 2346 2307 2414 brevis?
2393 2347 2703 2416 Constare
2748 2352 2923 2418 enim

608 2451 767 2519 mihi
826 2452 1111 2537 videtur,
1174 2470 1253 2518 ea
1297 2455 1530 2529 metra,
1592 2469 1861 2533 quorum
1917 2450 2189 2516 alterum
2248 2456 2539 2534 quartam
2599 2452 2925 2536 syllabam

609 2556 806 2624 habet
849 2556 1133 2638 brevem,
1179 2554 1450 2620 alterum
1479 2554 1762 2637 longam,
1807 2572 2017 2636 neque
2049 2553 2296 2637 origine
2334 2572 2453 2621 nec
2482 2559 2711 2622 natura
2755 2559 2927 2625 inter

608 2680 678 2727 se
723 2659 918 2744 plane
978 2657 1365 2740 discrepare.
1466 2656 1596 2733 „At
1626 2654 2183 2738 choriambicum,
2241 2657 2456 2739 pergit
2510 2655 2926 2728 Herma-nnus

607 2783 669 2845 p.
706 2764 851 2843 467,
895 2777 1228 2825 numerum
1273 2758 1328 2824 si
1373 2758 1639 2825 subesse
1687 2758 1915 2824 ionicis
1960 2778 2001 2823 a
2037 2759 2284 2825 minore
2329 2758 2717 2842 putabimus,
2765 2783 2925 2830 ana-

609 2864 804 2929 clasis
851 2860 1112 2944 quidem
1158 2859 1467 2943 explicari
1513 2862 1782 2944 poterit,
1829 2861 2129 2943 quoniam
2175 2862 2371 2927 etiam
2415 2862 2482 2927 in
2527 2861 2927 2934 choriambis

611 2963 906 3047 dactylus
951 2963 1017 3027 in
1064 2961 1593 3046 amphibrachum
1638 2968 1948 3044 mutatur,
2010 2962 2127 3029 sed
2182 2963 2391 3046 primo
2435 2964 2679 3030 tollitur
2722 2968 2926 3050 plene

611 3073 839 3135 natura
882 3065 1129 3130 numeri
1173 3064 1369 3131 ionici
1405 3084 1522 3147 pro
1555 3083 1762 3148 eoque
1794 3063 2136 3131 exhibetur
2166 3064 2704 3134 choriambicus.“
2794 3071 2925 3138 Ta-

609 3192 756 3239 men
801 3167 1012 3236 ionico
1057 3165 1473 3233 anaclomeno
1518 3186 1850 3233 numerum
1881 3164 2381 3234 choriambicum
2426 3168 2690 3237 subesse
2722 3173 2925 3241 credo

609 3276 720 3336 aut
748 3270 963 3353 potius
994 3274 1197 3336 metro
1230 3265 1665 3335 choriambico
1695 3267 2114 3334 anaclomeno
2144 3289 2477 3336 numerum
2510 3290 2676 3355 eum,
2724 3270 2923 3357 quem

611 3373 824 3438 ionico
876 3373 1297 3438 anaclomeno
1355 3370 1469 3435 ille
1514 3371 1805 3438 subiecit.
1897 3369 2282 3454 Principalis
2328 3373 2497 3438 enim
2545 3393 2740 3456 error,
2789 3396 2923 3461 quo

608 3472 1013 3539 Hermannus
1056 3493 1191 3538 rem
1235 3472 1610 3555 intellegere
1653 3470 2015 3557 prohibitus
2061 3478 2158 3539 est
2203 3480 2266 3539 et
2308 3475 2759 3559 plerorumque
2804 3480 2924 3546 ad-

611 3573 736 3640 huo
781 3574 1062 3640 virorum
1107 3572 1439 3640 doctorum
1484 3575 1687 3640 animi
1731 3573 2321 3657 obstringebantur,
2369 3577 2424 3643 is
2471 3582 2585 3661 est,
2631 3579 2810 3661 quod
2854 3582 2928 3647 in

609 3673 1049 3741 choriambum
1108 3674 1326 3742 illatus
1381 3682 1479 3742 est
1537 3674 1832 3760 dactylus
1892 3677 2167 3761 cyclius,
2226 3696 2354 3760 quo
2400 3677 2664 3745 adducti
2712 3689 2930 3750 metra

607 3775 1289 3843 choriambo-iambica
1351 3776 1829 3845 confundebant
1888 3798 2031 3845 cum
2093 3779 2428 3863 glyconeis
2484 3782 2928 3864 asclepiadeis

605 3879 753 3946 aliis
791 3876 1106 3945 eiusmodi
1135 3877 1373 3944 metris.
1450 3878 1582 3944 Sed
1614 3879 1867 3947 abiecto
1898 3880 2160 3965 dactylo
2191 3881 2315 3948 isto
2361 3883 2569 3966 cyolio
2600 3881 2929 3954 choriam-

606 3982 723 4049 bos
769 3987 833 4047 et
876 3999 1086 4046 meros
1133 3985 1197 4045 et
1240 3981 1689 4047 anaclomenos
1746 3981 1832 4046 ad
1879 3982 2234 4050 ionicorum
2281 3986 2646 4070 exemplum
2690 4005 2930 4070 percu-

605 4085 841 4152 tiamus
887 4088 952 4149 et
979 4081 1337 4148 metiamur.
1428 4081 1586 4147 Mihi
1638 4082 1940 4166 equidem
1984 4086 2149 4150 inter
2188 4083 2558 4169 rhythmum
2602 4086 2933 4160 choriam-
