3177 4960
641 361 768 420 224
1599 359 1759 430 Hugo
1795 360 1830 416 J
1831 366 1987 416 usatz

637 533 808 615 ἰ’σου,
857 534 1223 601 διπλασίου
1256 541 1374 602 cet.
1394 538 1434 612 ¹)
1478 569 1559 579 -
1608 535 1702 601 sic
1745 536 1916 600 enim
1947 536 2155 601 solum
2200 536 2490 601 elocutus
2523 555 2667 603 esse
2697 536 2947 602 videtur

636 638 1059 705 Aristoxenus
1089 673 1193 720 —,
1239 637 1676 721 proportionis
1720 635 2105 721 significatio
2149 637 2216 702 in
2259 639 2697 705 numeralibus
2742 639 2946 721 inerit,

637 761 764 807 non
796 741 862 806 in
894 737 1089 824 λόγῳ.
1163 737 1397 823 Λόγος
1427 740 1624 823 igitur
1646 740 1713 805 in
1742 738 2109 824 rhythmica
2130 758 2387 823 quoque
2418 761 2545 807 non
2571 746 2669 807 est
2685 761 2949 826 propor-

637 844 748 926 tio,
795 842 914 909 sed
944 842 1232 909 definitio
1261 843 1678 927 proportione
1708 842 1989 925 quadam
2018 842 2381 926 constituta,
2416 862 2609 926 quam
2633 842 2949 909 definitio·

636 964 786 1011 nem
816 965 1256 1044 nuncupamus
1287 945 1649 1011 relativam.
1725 942 1908 1023 Quae
1941 964 2086 1012 cum
2118 945 2209 1010 ita
2236 945 2380 1027 sint,
2426 946 2494 1011 in
2527 943 2722 1030 λόγον
2751 947 2949 1031 irrep-

640 1049 802 1114 sisse
824 1049 1038 1132 potius
1069 1047 1228 1114 mihi
1258 1046 1514 1114 videtur
1536 1048 1973 1133 proportionis
2002 1048 2103 1114 vis
2128 1067 2320 1130 quam
2345 1048 2405 1113 ei
2429 1049 2713 1114 subesse.
2771 1048 2948 1115 Atta·

641 1171 789 1217 men
834 1171 960 1217 uon
1005 1152 1398 1234 refragabor,
1445 1151 1501 1217 si
1536 1151 1679 1234 quis
1727 1147 1922 1234 λόγον
1966 1152 2446 1235 proportionem
2475 1149 2949 1235 interpretatur,

640 1253 832 1319 modo
856 1254 1021 1320 bene
1044 1254 1408 1320 meminerit
1429 1253 1840 1320 subditiciam
1866 1271 2009 1319 esse
2027 1273 2171 1319 eam
2195 1254 2329 1318 vim
2351 1259 2615 1337 propter
2637 1252 2947 1337 rhythmi-

638 1373 757 1420 cae
800 1355 1192 1438 singularem
1236 1355 1683 1421 condicionem
1727 1373 1893 1420 neve
1937 1373 2093 1421 vero
2138 1353 2223 1420 ad
2262 1354 2702 1421 harmonicam
2748 1361 2947 1422 trans-

638 1458 805 1523 ferre
842 1456 1116 1524 studeat.
1191 1457 1420 1541 Neque
1450 1465 1665 1523 autem
1699 1456 1860 1522 mihi
1892 1462 1991 1523 est
2020 1456 2307 1541 dubium,
2342 1458 2495 1541 quin
2524 1457 2945 1525 Aristoxenus

636 1566 1051 1644 praeceptum
1098 1580 1281 1626 suum
1325 1561 1418 1626 ita
1461 1566 1947 1644 comparaturus
1992 1560 2215 1642 fuerit,
2263 1566 2332 1626 ut
2374 1561 2609 1644 pedem
2655 1562 2946 1645 quemvis

637 1667 749 1727 aut
792 1660 1055 1729 definito
1101 1669 1212 1729 aut
1242 1662 1576 1729 indefinito
1619 1659 1859 1747 χρόνου
1903 1664 2182 1745 μεγέθει
2224 1664 2553 1730 terminari
2599 1654 2945 1748 (ὥρισθαι)

639 1763 911 1848 diceret,
967 1766 1095 1831 nisi
1156 1766 1320 1831 bene
1377 1766 1705 1849 scivisset,
1764 1766 2073 1850 temporis
2130 1766 2439 1850 spatium,
2495 1766 2670 1849 quod
2714 1767 2783 1832 in
2827 1766 2946 1833 hac

637 1885 849 1951 agoge
877 1868 1157 1950 positum
1189 1875 1287 1934 est
1317 1867 1669 1951 definitum,
1703 1868 1874 1934 idem
1909 1869 1974 1932 in
2004 1869 2122 1934 illa
2152 1867 2552 1935 indefinitum
2584 1888 2728 1935 esse
2758 1889 2943 1954 posse

638 1974 702 2032 et
733 1974 987 2049 coutra3
1034 1968 1337 2035 choreum
1369 1977 1586 2035 autem
1619 1971 2058 2036 irrationalem
2104 1972 2270 2036 inter
2298 1972 2629 2038 trisemum
2662 1978 2727 2039 et
2757 1978 2940 2039 tetra-

637 2090 883 2137 semum
914 2072 1118 2156 pedes
1151 2075 1361 2157 spatio
1395 2093 1536 2140 esse
1575 2074 2027 2140 intermedium
2061 2075 2351 2158 dixisset,
2381 2076 2523 2141 nisi
2552 2095 2670 2159 per
2698 2077 2941 2142 variam

635 2193 889 2257 agogen
935 2179 1343 2242 tetrasemum
1389 2174 1626 2259 pedem
1671 2177 1933 2242 trisemo
1977 2196 2251 2260 aequum
2297 2179 2444 2243 fieri
2489 2198 2682 2262 posse
2714 2199 2939 2262 cogno·

636 2277 855 2341 visset.
914 2275 1002 2341 At
1025 2297 1168 2343 cum
1191 2284 1611 2361 praeceptum
1635 2278 2005 2345 universum
2036 2281 2129 2345 ita
2152 2300 2528 2365 comparare
2556 2302 2687 2348 non
2707 2286 2940 2365 posset,

637 2383 851 2444 tamen
882 2379 973 2444 ita
1017 2379 1523 2465 intellegendum
1573 2400 1715 2448 esse
1762 2383 2061 2466 exemplo
2107 2383 2325 2450 docuit
2370 2385 2480 2467 ita,
2525 2390 2597 2449 ut
2639 2390 2942 2450 statueret
3000 2420 3010 2429 ·

634 2486 889 2565 tempus
912 2484 1189 2566 primum
1216 2484 1282 2548 in
1306 2484 1583 2568 pedibus
1609 2485 2029 2552 rationalibus
2056 2506 2197 2553 esse
2222 2487 2513 2554 eiusdem
2537 2489 2730 2572 spatii
2754 2495 2939 2572 atque

635 2582 703 2648 in
746 2583 1120 2670 irrationali,
1167 2605 1357 2669 quem
1404 2606 1548 2653 cum
1587 2587 1719 2652 illis
1764 2595 2184 2672 compararet.
2276 2587 2457 2667 Quae
2489 2609 2632 2656 cum
2679 2591 2774 2656 ita
2802 2592 2938 2675 sint,

636 2705 1012 2769 persuasum
1059 2686 1219 2752 mihi
1257 2694 1353 2753 est
1384 2686 1822 2755 harmonicam
1869 2689 2050 2755 illam
2093 2690 2558 2757 irrationalium
2588 2694 2936 2776 spatiorum

638 2785 1076 2854 definitionem
1100 2789 1419 2872 quadrare
1451 2792 1516 2856 in
1542 2790 1947 2875 rhythmicae
1980 2812 2235 2876 quoque
2258 2813 2477 2877 usum3
2523 2814 2673 2859 nam
2704 2787 2938 2879 ἄλογος

636 2891 691 2954 is
737 2889 858 2954 erit
898 2887 1163 2975 χρόνος,
1226 2892 1405 2958 cuius
1463 2895 1756 2977 μέγεθος
1802 2895 2169 2971 (relativum
2213 2896 2484 2973 scilicet)
2535 2887 2937 2963 ἀποδιδόναι

807 3112 856 3172 1)
892 3107 983 3163 Sic
1018 3109 1158 3164 enim
1195 3116 1345 3165 extat
1380 3111 1446 3165 el.
1484 3112 1566 3166 rh.
1604 3129 1660 3181 p.
1690 3118 1771 3178 35,
1798 3117 1861 3168 20
1884 3128 1995 3182 sq.;
2038 3118 2229 3180 36,18.
2268 3119 2360 3183 213
2400 3119 2483 3183 37,
2509 3119 2557 3170 3.
2597 3121 2645 3170 4.
2685 3121 2733 3171 5.
2773 3120 2822 3171 9.
2866 3123 2939 3171 11.

638 3196 716 3245 12.
751 3195 830 3258 15,
856 3194 1014 3249 Psell.
1051 3196 1084 3263 ξ
1111 3200 1161 3250 9.
1221 3196 1361 3250 Illud
1396 3213 1522 3253 vero
1553 3191 1584 3254 ὃ
1613 3194 1754 3265 ἴσος,
1789 3195 2083 3266 διπλάσιος
2116 3199 2227 3255 sive
2262 3203 2573 3258 διπλασίων
2608 3205 2710 3258 cet.
2748 3198 2939 3275 λόγος,

633 3293 738 3346 quo
775 3279 890 3334 solo
927 3286 1156 3335 utuntur
1176 3282 1446 3338 Aristides
1483 3289 1538 3337 et
1572 3284 1675 3352 frg.
1703 3284 1952 3351 Parisin.‚
1989 3286 2059 3340 ab
2085 3285 2407 3343 Aristoxeno
2442 3287 2675 3342 alienum
2712 3303 2833 3343 esse
2867 3290 2940 3343 vi·

633 3363 807 3418 detur.
876 3364 1017 3420 Nam
1054 3382 1105 3435 p.
1134 3372 1218 3436 34,
1249 3374 1338 3423 15:
1380 3365 1593 3437 μεταξὺ
1630 3366 1727 3427 δύο
1765 3362 1959 3442 λόγων
1993 3374 2296 3446 γνωρίμων
2331 3377 2401 3444 τῇ
2436 3369 2717 3444 αἰσθήσει,
2751 3378 2857 3432 τοῦ
2880 3396 2941 3432 τε

633 3445 761 3504 ἴσον
793 3453 890 3504 καὶ
925 3455 1028 3506 τοῦ
1064 3455 1366 3510 διπλασίου
1400 3462 1455 3509 et
1487 3473 1543 3525 p.
1571 3460 1658 3524 37,
1682 3462 1739 3510 9:
1777 3461 1953 3530 τριῶν
1989 3459 2447 3530 λαμβανομένων
2480 3455 2704 3531 λόγων,
2740 3464 2847 3517 τοῦ
2880 3481 2943 3519 τε

634 3529 763 3590 ἴσου
796 3538 894 3590 καὶ
917 3538 1023 3592 τοῦ
1059 3540 1361 3596 διπλασίου
1382 3543 1480 3597 καὶ
1505 3543 1613 3597 τοῦ
1648 3547 2077 3599 πενταπλασίου
2111 3560 2219 3598 non
2257 3544 2616 3614 supplendum
2640 3548 2726 3600 est
2748 3541 2942 3618 λόγου,

632 3618 728 3672 sed
773 3624 967 3675 neutro
1014 3637 1211 3690 genere
1265 3626 1660 3695 accipiendum.
1741 3625 1916 3682 Semel
1969 3629 2230 3699 scriptum
2284 3629 2523 3684 videmus
2567 3631 2624 3683 in
2672 3634 2940 3701 excerptis

630 3703 947 3772 rhythmicis
983 3707 1278 3764 maioribus
1315 3727 1368 3779 p.
1396 3715 1477 3776 36,
1509 3716 1598 3766 12:
1635 3709 1973 3770 δακτυλικὸν
2005 3714 2111 3784 μὲν
2147 3706 2251 3771 οὖν
2283 3712 2405 3772 ἐστι
2436 3710 2505 3772 τὸ
2531 3714 2595 3772 ἐν
2629 3712 2736 3791 ἴσῳ
2770 3713 2943 3794 λόγῳ,

631 3784 903 3861 ἰαμβικὸν
937 3790 996 3848 δὲ
1030 3787 1101 3849 τὸ
1137 3790 1203 3850 ἐν
1237 3799 1323 3871 τῷ
1365 3800 1671 3871 διπλασίῳ,
1715 3795 2031 3856 παιωνικὸν
2064 3800 2123 3856 δὲ
2157 3796 2227 3857 τὸ
2262 3798 2328 3856 ἐν
2360 3804 2441 3877 τῷ
2465 3795 2734 3877 ἡμιολίῳ,
2778 3806 2944 3859 semel

630 3874 776 3941 apud
800 3874 960 3933 Pseu.
987 3880 1020 3947 ξ
1045 3884 1098 3933 9:
1135 3882 1357 3953 γίνεται
1391 3882 1451 3938 δέ
1484 3902 1632 3941 ποτε
1669 3878 1814 3949 ποὺς
1834 3887 1930 3940 καὶ
1953 3882 2017 3941 ἐν
2041 3888 2358 3958 τριπλασίῳ
2395 3882 2569 3962 λόγῳ,
2601 3888 2826 3960 γίνεται
2845 3894 2944 3947 καὶ

630 3956 695 4015 ἐν
728 3957 1016 4038 ἐπιτρίτῳ.
1087 3968 1163 4020 At
1196 3967 1254 4020 in
1290 3967 1516 4036 pristino
1554 3969 1694 4025 libro
1732 3970 1973 4025 extitisse
1997 3966 2066 4027 τὸ
2094 3969 2157 4028 ἐν
2181 3968 2338 4029 ἴσου
2372 3967 2529 4048 λόγῳ
2564 3975 2687 4039 cet„
2724 3975 2942 4031 articuli

631 4049 878 4104 absentia
910 4050 1088 4105 adhuc
1125 4051 1432 4120 significare
1467 4053 1694 4109 videtur.
1766 4050 1964 4126 Λόγος
1998 4055 2163 4124 igitur
2187 4057 2511 4112 Aristoxeno
2549 4073 2657 4113 non
2694 4063 2781 4114 est
2815 4055 2939 4127 ἴσος

630 4140 725 4190 aut
759 4131 1067 4201 διπλάσιος,
1102 4137 1199 4191 sed
1236 4132 1304 4194 τὸ
1343 4135 1472 4194 ἴσον
1506 4143 1603 4194 aut
1638 4134 1707 4196 τὸ
1744 4136 2054 4198 διπλάσιον.
