3177 4960
839 342 923 397 De
956 341 1373 399 irrationalitate
1408 343 1594 400 studia
1626 344 1949 415 rhythmica.
2421 347 2546 408 305

404 514 594 595 Quod
638 533 766 581 non
812 515 987 582 cadit
1021 517 1087 581 in
1132 515 1421 584 eiusdem
1468 517 1729 584 fabulae
1774 537 2030 586 versum
2067 522 2262 586 1195:
2309 511 2549 586 οὐδένα

227 615 613 703 μακαρίζω;
673 638 823 685 nam
870 638 1015 685 eum
1060 639 1102 684 a
1143 617 1460 702 glyconeo
1506 619 1927 687 antecedente
1972 641 2055 689 ne
2100 622 2364 691 minimo
2411 625 2546 708 qui-

228 721 380 789 dem
427 727 720 805 tempore
774 722 950 786 inani
1008 720 1350 788 diremtum
1395 741 1537 789 esse
1583 723 1773 789 docet
1829 742 2053 791 versus
2108 725 2550 810 antistrophae

229 826 423 901 (1202
455 825 611 908 sq.):
660 819 1044 908 ἐτι-μάθῃς,
1091 834 1241 900 ταῖς
1284 821 1681 908 μεγάλαισιν
1727 822 1794 890 ἐν
1840 822 2173 909 Θήβαισιν
2220 819 2550 894 ἀνάσσων.

226 928 459 1011 Itaque
517 926 691 1009 quod
750 926 1156 993 Hermannus
1222 927 1479 1010 scripsit
1543 918 1767 1010 οὐδὲν,
1826 928 2310 1015 accipiendum,
2378 931 2553 1016 quod

227 1029 542 1114 probatur
596 1030 806 1112 magis
867 1028 1023 1112 Gyri
1075 1027 1250 1113 apud
1307 1028 1707 1096 Herodotum
1769 1030 1801 1095 Ι
1833 1032 1914 1096 86
1947 1031 2150 1099 dicto:
2208 1025 2302 1108 ὥς
2359 1025 2549 1098 οὐδὲν

230 1130 332 1219 εἴη
395 1132 532 1197 τῶν
591 1127 660 1195 ἓν
720 1123 1194 1216 ἀνθρώποισιν
1254 1122 1618 1217 ἀσφαλέως
1662 1129 1840 1212 ἕχον,
1900 1153 2095 1217 quam
2152 1135 2551 1219 improbatur

232 1235 517 1302 Soloneo
564 1234 678 1301 illo
723 1233 999 1301 ibidem:
1059 1231 1314 1319 μηδένα
1371 1228 1543 1299 εἶναι
1587 1235 1720 1298 τῶν
1767 1232 2072 1313 ζωόντων
2116 1229 2367 1320 ὄλβιον.
2423 1230 2551 1303 Οὗ-

233 1336 343 1404 ὃὲν
391 1338 695 1404 nimirum
739 1337 1007 1420 respicit
1051 1336 1246 1420 illud,
1307 1336 1480 1422 quod
1540 1344 1639 1405 est
1682 1339 1750 1403 in
1793 1359 1855 1406 v.
1893 1342 2081 1406 1192:
2138 1336 2227 1405 τὸ
2279 1332 2398 1405 σόν
2441 1364 2551 1405 τοι

231 1431 645 1526 παράδειγμ’
710 1436 874 1520 ἔχων
932 1440 1052 1516 (sic
1108 1438 1251 1506 cod.
1296 1439 1521 1522 Laur.‚
1578 1435 1697 1505 τὸν
1757 1437 1877 1505 σόν
1936 1440 2306 1511 camerario
2366 1463 2550 1536 prae-

231 1549 421 1611 eunte
468 1543 819 1627 plerique);
867 1541 1126 1624 βροτῶν
1170 1547 1385 1608 autem
1429 1560 1557 1607 non
1603 1547 1701 1607 est
1744 1543 2066 1625 genitivus
2111 1545 2396 1612 neutrius
2441 1565 2553 1629 ge·

230 1646 402 1713 neris
449 1637 813 1729 partitivus,
860 1643 982 1711 sed'
1022 1643 1359 1711 masculini
1402 1644 1829 1727 possessivus.

405 1748 623 1816 Unum
680 1748 931 1814 solutae
986 1752 1133 1831 post
1190 1746 1453 1828 longam
1503 1743 1707 1812 thesis
1754 1747 2124 1829 exemplum
2171 1753 2414 1814 certum
2458 1749 2550 1813 in-

231 1852 489 1917 venitur
535 1852 603 1916 in
633 1850 935 1916 carminis
957 1848 1100 1933 Iph.
1131 1848 1280 1915 Aul.
1312 1848 1395 1914 ab
1427 1848 1739 1933 Euripide
1770 1868 1898 1914 non
1930 1851 2270 1933 compositi
2299 1871 2362 1918 v.
2396 1853 2549 1918 2222

236 1955 675 2038 λευκοστίκτῳ
720 1952 894 2037 τριχὶ
937 1948 1235 2033 βαλιούς,
1282 1951 1385 2018 cui
1428 1949 1595 2015 nihil
1640 1950 2067 2018 tribuendum.

406 2056 648 2122 Extant
692 2060 909 2122 autem
952 2053 1128 2138 apud
1173 2052 1451 2137 tragicos
1482 2053 1611 2119 loci
1640 2053 1952 2137 nonnulli,
1998 2054 2066 2119 in
2097 2054 2326 2139 quibus
2363 2057 2553 2122 tertia

234 2159 538 2247 glyconei
581 2157 647 2224 H
691 2158 798 2225 vel
845 2158 1069 2240 quinta
1124 2156 1424 2241 glyconei
1468 2155 1567 2221 III
1613 2157 1868 2239 syllaba
1923 2157 2135 2223 soluta
2193 2176 2336 2224 esse
2392 2157 2552 2223 mihi

235 2262 529 2345 videtur,
590 2280 734 2326 cum
793 2256 1136 2326 antecedat
1179 2263 1291 2324 aut
1333 2257 1677 2326 trochaeus
1725 2264 1865 2339 aut,
1925 2264 1994 2325 ut
2038 2260 2417 2344 plerumque
2460 2259 2549 2343 fit,

237 2362 623 2447 tribrachys.
714 2361 877 2428 Sunt
922 2359 1218 2445 quidem,
1277 2361 1387 2444 qui
1446 2380 1525 2427 ea
1579 2367 1784 2427 metra
1837 2360 2112 2426 iambice
2164 2362 2413 2444 percuti
2458 2362 2549 2427 iu-

234 2469 432 2536 beant
477 2465 733 2546 (Christ.
766 2486 829 2550 p.
868 2455 1045 2550 1⁸45);
1091 2470 1159 2531 at
1189 2464 1244 2531 si
1277 2484 1420 2531 eam
1450 2463 1664 2560 legem
1694 2463 1762 2528 in
1792 2462 1885 2529 eis
1930 2462 2150 2527 valere
2196 2462 2549 2546 statuimus,

236 2579 303 2639 ut
330 2570 629 2655 syllabae
673 2569 922 2636 solutae
966 2567 1133 2635 inter
1163 2567 1290 2634 duo
1322 2567 1524 2633 verba
1551 2585 1682 2630 non
1712 2583 1840 2630 uno
1871 2564 2099 2647 spiritu
2143 2566 2553 2647 pronuntiata

234 2695 362 2741 non
420 2673 915 2753 distribuantur,
974 2689 1271 2737 mensura
1323 2669 1605 2735 iambica
1659 2665 2030 2734 abhorrebit
2078 2686 2121 2731 a
2164 2665 2550 2750 quibusdam

235 2775 496 2856 (Trach.
560 2776 725 2840 1008
761 2794 843 2834 ω
881 2775 1064 2839 1030.
1133 2773 1271 2838 Alc.
1332 2772 1746 2836 907ω930.
1812 2766 1954 2853 Iph.
2015 2769 2208 2835 Taur.
2272 2770 2434 2832 1250
2470 2789 2552 2828 ω

242 2881 454 2957 1274).
544 2878 852 2944 Libenter
898 2874 1200 2960 equidem
1245 2872 1529 2940 concedo
1574 2872 1822 2955 legem,
1881 2889 2074 2955 quam
2136 2871 2203 2935 in
2247 2870 2551 2939 trimetris

239 2982 536 3050 iambicis
581 2985 879 3047 accurate
924 2978 1334 3045 observatum
1381 2994 1523 3042 esse
1568 2994 1610 3040 a
1653 2974 1864 3057 poetis
1900 2973 2134 3041 scimus
2179 2972 2283 3048 (cf.
2317 2972 2550 3040 Christ.

238 3106 297 3170 p.
332 3086 507 3166 323),
555 3081 828 3149 eandem
872 3082 942 3146 in
983 3080 1131 3146 aliis
1174 3079 1395 3145 metris
1438 3077 1661 3145 valere
1690 3096 1732 3143 a
1761 3076 2018 3141 nemine
2051 3075 2181 3140 iam
2211 3074 2551 3157 probatum

242 3206 401 3255 esse.
420 3189 461 3263 ¹)
552 3185 639 3250 At
683 3189 854 3251 certe
902 3203 1031 3250 non
1073 3182 1237 3248 forte
1282 3180 1537 3246 fortuna
1578 3178 1818 3245 factum
1865 3194 2005 3242 esse
2050 3174 2325 3258 videtur,
2372 3181 2442 3240 ut
2485 3176 2553 3239 in

420 3441 467 3504 1)
505 3435 648 3491 Sane
672 3433 941 3489 Pindarus
976 3433 1191 3502 quidem
1227 3444 1436 3487 summa
1460 3427 1745 3486 solutionis
1779 3426 2031 3481 libertate
2065 3439 2198 3480 usus
2222 3426 2324 3481 est.
2384 3424 2554 3481 Solvit

245 3524 385 3580 enim
436 3537 521 3578 ex.
559 3536 639 3590 gr.
686 3518 934 3590 glyconei
976 3518 1158 3574 thesin
1205 3515 1418 3570 finalem
1461 3513 1566 3582 ita,
1613 3515 1677 3567 ut
1711 3510 1899 3566 breves
1943 3510 2087 3565 inter
2132 3508 2239 3564 duo
2284 3508 2451 3564 verba
2486 3525 2553 3564 ex

245 3606 616 3679 compluribus
640 3602 861 3676 syllabis
887 3602 1194 3671 composita
1216 3598 1505 3656 distribuat
1539 3598 1655 3666 (Py.
1682 3596 1758 3652 VI
1783 3601 1839 3651 3:
1861 3588 2325 3696 (ἀναπολίζομεν,
2364 3589 2551 3667 ὄμφα-

243 3690 348 3751 λὸν
394 3685 718 3766 ἐριβρόμου
750 3699 824 3739 Ν
846 3706 894 3744 v.
919 3692 1011 3743 48.
1067 3683 1267 3745 αδικον
1304 3677 1442 3742 οὔθ’
1487 3677 1823 3754 ὑπέροπλον
1856 3670 2008 3754 ήβαν
2052 3679 2323 3754 δρέπων),
2374 3679 2553 3735 thesin

245 3778 634 3849 paenultimam
666 3774 917 3846 glyconei
950 3774 1183 3829 solutam
1218 3770 1365 3827 varie
1399 3768 1697 3824 distribuit.
1737 3768 1835 3839 Py.
1859 3766 1993 3822 VIII
2017 3766 2116 3821 str.
2143 3769 2203 3820 2.
2318 3756 2338 3782 ⁶

653 3879 703 3917 v.
766 3864 824 3914 2·
863 3861 911 3915 ω’
946 3854 1324 3931 μεγιστόπολι
1344 3849 1610 3957 θύγατερ
1646 3858 1702 3908 et
1734 3870 1783 3909 v.
1810 3855 1894 3907 22.

653 3963 703 4001 v.
732 3949 823 4000 69:
861 3937 1015 4015 ἄμφ’
1053 3939 1303 4000 ἕκαστον
1339 3929 1453 3998 όσα
1490 3938 1694 4009 νέομαι
1726 3942 1785 3994 et
1818 3954 1899 3993 vv.
1928 3939 2013 3992 82.
2040 3939 2124 3991 89.

653 4048 703 4086 v.
764 4034 819 4085 9.
858 4030 1067 4107 καρδία
1099 4026 1282 4085 κότον
1314 4020 1555 4095 ἐνελάσῃ
1591 4029 1646 4080 et
1678 4041 1760 4080 vv.
1788 4027 1871 4079 29.
1910 4025 1992 4077 42.
2032 4025 2114 4076 49.
2153 4022 2237 4074 62.

422 4119 543 4188 Quo
582 4132 703 4173 cum
732 4115 1003 4182 cohaeret,
1039 4118 1102 4169 ut
1135 4113 1194 4168 in
1219 4110 1480 4168 eiusmodi
1515 4109 1876 4166 solutionibus
1911 4105 2112 4162 vocalis
2147 4109 2273 4158 ante
2306 4099 2550 4157 vocalem

476 4210 544 4249 f
