3177 4960
591 349 716 407 236
1542 347 1702 415 Hugo
1738 347 1929 402 Jusatz

590 530 721 589 tam
771 522 856 588 ad
914 521 1342 606 rhythmicam
1404 541 1596 605 quam
1655 521 1741 587 ad
1799 519 2234 588 harmonicam
2294 521 2615 605 pertinere
2677 522 2905 605 possit.

592 625 790 708 Atqui
834 625 963 690 iam
1009 644 1206 708 supra
1249 623 1641 690 ostendimus
1686 624 1750 688 in
1798 621 2171 689 harmonica
2228 624 2414 689 unius
2466 624 2605 689 soni
2652 624 2902 691 irratio-

589 727 857 793 nalitate
904 725 1033 793 duo
1077 726 1439 809 intervalla,
1488 745 1657 808 quae
1688 745 1766 791 eo
1798 744 1954 792 sono
2001 724 2422 809 dissecantur,
2468 723 2607 791 fieri
2653 726 2904 792 irratio·

588 829 784 910 nalia,
831 849 974 894 cum
1009 829 1149 895 soni
1191 828 1459 894 extremi
1503 833 1808 894 maneant
1849 827 2215 894 rationales.
2290 827 2453 893 Item
2482 828 2550 892 in
2578 825 2902 911 rhythmis

590 931 719 997 duo
765 937 1057 1014 tempora
1099 932 1498 997 irrationalia
1529 950 1671 997 esse
1717 930 1976 1013 debere,
2026 949 2295 1012 quorum
2325 930 2598 995 alterum
2629 937 2905 1013 augetur

588 1040 786 1116 tanto,
832 1041 1071 1117 quanto
1115 1035 1387 1100 alterum
1433 1034 1757 1115 minuitur,
1803 1031 1871 1098 id
1915 1032 2227 1116 postulari
2271 1034 2416 1116 lege
2463 1051 2561 1116 ea,
2608 1052 2777 1116 quae
2814 1032 2899 1098 de

589 1136 877 1222 rhythmi
935 1137 1395 1222 aequabilitate
1452 1138 1767 1202 statuitur.
1856 1135 2081 1218 Itaque
2128 1136 2194 1200 in
2239 1143 2508 1218 utraque
2553 1133 2902 1221 disciplina

588 1241 842 1326 μεγέθη
905 1239 1303 1306 irrationalia
1353 1239 1609 1322 singula
1653 1244 1800 1305 sunt
1843 1239 2069 1322 spatiis
2116 1235 2498 1320 indefinitis,
2557 1238 2902 1304 coniuncta

588 1361 745 1408 vero
791 1344 1001 1426 spatio
1047 1342 1328 1409 definito.
1419 1342 1749 1407 Habemus
1794 1342 1988 1424 igitur
2031 1340 2137 1407 vel
2170 1342 2235 1405 in
2282 1339 2403 1406 hac
2449 1340 2696 1424 duplici
2740 1341 2892 1406 irra-

589 1445 949 1511 tionalitate
994 1445 1272 1529 spatium
1320 1445 1648 1529 quoddam
1692 1444 2027 1527 rationale,
2072 1443 2157 1508 ad
2203 1443 2373 1526 quod
2418 1442 2580 1508 illud
2616 1438 2693 1506 τὸ
2726 1440 2895 1506 κατὰ

587 1542 744 1622 τοὺς
772 1548 908 1610 τῶν
939 1538 1254 1632 ἀριθμῶν
1297 1544 1503 1629 μόνον
1550 1544 1784 1630 λόγους
1830 1541 2028 1632 ῥητὸν
2071 1546 2395 1629 pertinere
2439 1545 2658 1629 aliquo
2702 1544 2896 1611 modo

586 1649 938 1732 putandum
984 1651 1121 1716 erit.

756 1752 854 1819 Ac
898 1754 1048 1819 novi
1094 1753 1340 1836 aliquid
1385 1754 1588 1818 altera
1633 1753 1865 1837 capitis
1921 1757 2104 1835 parte
2148 1749 2390 1817 addere
2434 1752 2896 1817 Aristoxenum

586 1855 787 1920 verba
829 1856 974 1939 ipsa
1018 1855 1364 1922 declarant.
1453 1855 1620 1921 Nam
1670 1853 1772 1918 δεῖ
1814 1851 1901 1939 μὴ
1951 1851 2343 1938 διαμαρτεῖν
2383 1860 2447 1919 et
2476 1854 2715 1920 similia
2758 1859 2896 1918 tum

588 1956 830 2040 scripta
873 1956 1205 2040 videmus,
1263 1958 1513 2040 quoties
1570 1957 1953 2042 praevenire
1997 1958 2136 2022 vult
2180 1975 2425 2022 errores
2484 1956 2895 2022 obtrectatio-

585 2078 816 2142 nesve,
879 2078 1042 2142 quae
1090 2079 1174 2124 ex
1218 2061 1344 2141 eis,
1405 2079 1572 2143 quae
1629 2066 1824 2126 antea
1874 2059 2158 2144 dixerat,
2218 2061 2371 2126 oriri
2420 2078 2612 2143 posse
2657 2063 2893 2142 sperat.

586 2159 781 2225 Velut
826 2162 905 2225 el.
954 2160 1156 2226 harm.
1201 2182 1264 2245 p.
1299 2165 1400 2244 66,
1438 2167 1545 2227 11:
1605 2159 1709 2226 δεῖ
1752 2160 1824 2226 δὲ
1870 2164 2138 2248 πρῶτον
2180 2161 2302 2245 μὲν
2344 2164 2543 2227 τοῦτο
2592 2155 2751 2228 αὐτὸ
2798 2157 2891 2243 μὴ

590 2256 869 2345 ἀγνοεῖν,
918 2253 1025 2329 ὅτι
1069 2262 1315 2328 πολλοὶ
1358 2256 1482 2351 ἤδη
1533 2262 1898 2351 διήμαρτον
1941 2258 2398 2347 ὑπολαβόντες
2441 2260 2612 2348 ὑμᾶς
2659 2267 2894 2350 λέγειν,

585 2354 695 2429 ὅτι
725 2358 760 2429 ὃ
792 2362 986 2442 τόνος
1032 2363 1128 2442 εἷς
1170 2369 1326 2451 τρία
1367 2355 1410 2451 ἢ
1444 2369 1740 2453 τέσσαρα
1787 2362 1902 2432 ἶσα
1948 2366 2410 2449 διαιρούμενος
2452 2368 2898 2453 μελῳδεῖταις

584 2488 647 2551 p.
676 2471 777 2554 78,
807 2473 915 2535 14:
951 2460 1026 2535 οὗ
1058 2468 1161 2537 δεῖ
1192 2462 1257 2535 δ’
1300 2462 1558 2555 ἀγνοεῖν
1592 2462 1699 2537 ὅτι
1732 2463 1847 2536 οὖκ
1878 2472 2058 2538 ἔστιν
2091 2464 2407 2557 αὔταρκες
2434 2468 2511 2536 τὸ
2547 2468 2897 2560 εἰρημένον

583 2569 757 2655 πρὸς
784 2569 861 2637 τὸ
897 2570 1195 2657 ἐμμελῶς
1240 2578 1635 2658 συγκεῖσθαι
1678 2570 1762 2638 τὰ
1801 2567 2189 2662 συστήματα
2234 2570 2303 2638 ἐκ
2344 2576 2477 2639 τῶν
2524 2573 2897 2662 διαστημά-

581 2698 749 2759 των;
778 2677 953 2760 apud
987 2676 1300 2761 Porphyr.
1334 2698 1396 2761 p.
1430 2681 1554 2742 255
1578 2678 1771 2743 wall.
1802 2705 1887 2728 =
1910 2681 2011 2763 39,
2044 2681 2125 2742 20
2150 2677 2280 2743 W.:
2314 2675 2418 2743 δεῖ
2447 2662 2561 2742 οὖν
2593 2675 2896 2743 ἐνταῦθα

584 2769 1043 2864 εὐλαβηθῆναι
1075 2776 1192 2867 τὴν
1224 2777 1481 2867 πλάνην
1510 2781 1620 2845 καὶ
1655 2776 1774 2865 τὴν
1822 2830 1836 2845 .
1872 2830 1886 2844 .
1923 2830 1937 2844 .
1973 2830 1988 2845 .
2034 2777 2345 2864 ταραχήν.
2418 2782 2493 2846 In
2523 2780 2895 2866 rhythmica

582 2886 797 2945 autem
841 2882 1037 2964 paulo
1081 2888 1230 2949 ante
1278 2886 1363 2968 (p.
1400 2886 1501 2967 33,
1538 2885 1619 2947 19
1645 2883 1771 2962 W.)
1817 2882 1899 2950 de
1929 2890 2280 2968 praecepto
2310 2902 2446 2966 suo,
2493 2904 2619 2967 quo
2650 2884 2891 2970 pedem

585 3000 621 3047 e
652 2982 798 3065 plus
832 2989 1131 3065 quattuor
1161 2989 1463 3072 σημείοις
1493 2992 1790 3053 constare
1819 2992 2191 3070 negaverat,
2237 2985 2486 3070 aliquid
2528 2986 2892 3070 derogavit,

581 3104 724 3149 cum
783 3105 900 3169 per
959 3085 1518 3173 rhythmopoeiam
1583 3088 1820 3172 pedem
1871 3087 2080 3154 dividi
2135 3109 2328 3174 posse
2386 3089 2768 3157 concederet
2821 3092 2893 3156 in

580 3188 858 3270 partium
888 3209 1221 3257 numerum
1252 3191 1577 3276 duplicem
1608 3192 2112 3275 multiplicemve
2144 3193 2303 3276 eius,
2350 3211 2540 3276 quem
2571 3212 2690 3276 pes
2719 3189 2891 3256 κατὰ

579 3286 697 3374 τὴν
744 3288 983 3356 ἑαυτοῦ
1037 3289 1315 3375 δύναμιν
1374 3295 1718 3379 acciperet.
1810 3293 2033 3361 Simile
2092 3295 2419 3378 quoddam
2478 3300 2697 3361 nostro
2742 3296 2889 3362 loco

578 3392 833 3459 accidit.
911 3395 1152 3478 Aperte
1198 3396 1365 3462 enim
1408 3386 1593 3482 μηδ’
1649 3391 1946 3460 ἐνταῦθα
1981 3399 2245 3482 respicit
2275 3396 2453 3478 illud,
2488 3397 2663 3480 quod
2694 3417 2892 3482 supra

582 3494 665 3577 (p.
702 3497 801 3578 33,
840 3498 917 3560 19
932 3495 1057 3575 W.)
1103 3497 1342 3563 dictum
1375 3504 1488 3579 est,
1538 3495 1642 3561 δεῖ
1668 3495 1756 3582 μὴ
1792 3495 2203 3581 διαμαρτεῖν.
2292 3499 2367 3564 In
2409 3500 2626 3584 priore
2672 3504 2887 3565 autem

579 3595 809 3678 capitis
853 3603 1039 3681 parte
1082 3598 1364 3682 loquitur
1408 3599 1494 3665 de
1536 3600 2046 3679 irrationalitate,
2093 3602 2416 3685 quomodo
2446 3621 2516 3667 se
2548 3600 2791 3669 habeat
2818 3602 2887 3667 in

576 3697 853 3779 pedibus
900 3701 1172 3785 singulis
1217 3701 1402 3782 (ποδὶ
1452 3698 1767 3787 ἑκάστῳ),
1813 3705 1881 3769 in
1921 3706 2278 3788 posteriore
2322 3724 2511 3788 vero,
2560 3704 2886 3788 quomodo

577 3803 891 3867 statuatur
924 3797 993 3865 ἐν
1021 3814 1165 3878 τοῖς
1198 3805 1352 3887 περὶ
1392 3801 1547 3878 τοὺς
1594 3803 1912 3892 ῥυθμούς.
1987 3805 2168 3886 Quae
2214 3807 2536 3891 quomodo
2585 3807 2891 3873 differant

578 3901 685 3967 hic
729 3922 1054 3988 exponere
1098 3913 1574 3990 praematurum
1624 3929 1766 3977 esse
1810 3909 1968 3975 mihi
2012 3911 2288 3977 videtur.
2380 3911 2616 3976 Verum
2659 3910 2887 3977 redea-

576 4024 716 4070 mus
761 4005 847 4072 ad
892 4003 967 4071 τὸ
1015 4005 1184 4072 κατὰ
1228 4007 1383 4085 τοὺς
1426 4012 1559 4074 τῶν
1606 4003 1925 4095 ἀριθμῶν
1969 4010 2176 4094 μόνον
2223 4010 2458 4097 λόγους
2503 4010 2722 4100 ῥητόν.

747 4109 842 4175 Ac
872 4110 1146 4194 primum
1177 4112 1437 4197 quidem
1467 4113 1536 4178 id
1566 4114 1961 4198 intellegitur
1992 4134 2074 4181 ex
2104 4116 2365 4183 notione
2401 4116 2718 4200 opposita.
2783 4118 2887 4183 De
