3177 4960
858 353 941 408 De
975 353 1390 409 irrationalitate
1425 354 1606 409 studia
1639 314 1959 424 rhythmica.
2445 357 2568 415 265

239 526 465 610 potius
496 546 625 593 non
656 525 1035 594 afficiendus
1069 533 1183 594 est.
1275 525 1461 605 Quod
1494 534 1718 613 aperte
1765 528 2039 610 quadrat
2082 529 2149 594 in
2179 535 2567 614 anapaestos

245 628 550 695 iambicis
596 628 902 726 trimetris
948 628 1309 711 immixtos;
1364 648 1511 695 nam
1556 634 1945 712 anapaestus
1990 630 2277 713 ponitur,
2326 651 2455 697 non
2499 638 2569 698 ut

240 730 430 796 aliud
475 731 726 796 numeri
782 725 958 813 ἦθος
1016 731 1339 815 exprimat
1394 736 1587 814 atque
1647 732 1930 815 iambus,
1988 731 2104 798 sed
2161 732 2314 815 quia
2369 733 2570 800 verba

241 831 488 915 pedem
535 833 1019 916 anapaesticum
1073 833 1140 897 in
1184 853 1513 901 numerum
1561 833 1908 901 iambicum
1954 834 2296 902 transferre
2318 839 2569 926 ,(μετα-

241 936 505 1019 φέρειν)
567 940 630 1001 et
686 935 979 1018 legitimo
1024 954 1286 1002 numero
1333 934 1638 1002 excidere
1693 932 2096 1014 (ἐκπίπτειν)
2154 942 2384 1020 poetas
2430 938 2570 1005 sive

241 1042 489 1120 cogunt
534 1038 675 1103 sive
719 1035 1067 1104 adducunt.

421 1138 582 1205 Cum
652 1144 867 1204 autem
924 1139 1350 1205 Aristoxenus
1419 1137 1857 1206 harmonicam
1925 1140 2297 1224 aequalium
2364 1146 2568 1208 artem

238 1240 414 1307 adeo
461 1240 805 1324 fastidiret,
850 1247 921 1308 ut
965 1242 1031 1306 in
1074 1241 1440 1308 barbariem
1486 1240 1760 1326 delapsa
1803 1242 2074 1328 theatra,
2121 1244 2429 1310 musicam
2475 1245 2566 1309 in-

239 1343 579 1427 quinatam
653 1362 798 1409 esse
868 1349 931 1409 et
1001 1343 1419 1426 vulgivagam
1490 1345 1732 1411 factam
1806 1345 2052 1412 diceret
2110 1345 2367 1422 (Athen.
2413 1345 2565 1412 XIV

239 1466 301 1530 p.
337 1447 470 1511 632
502 1446 580 1524 Β)
612 1453 678 1512 et
709 1447 993 1512 musicae
1023 1445 1331 1511 studiosis
1364 1446 1639 1513 suadeat
1668 1448 1907 1513 imitari
1937 1445 2055 1512 τὸν
2100 1439 2374 1531 ἀρχαῖον
2416 1446 2567 1533 τρό-

238 1570 379 1612 πον
444 1547 644 1632 (apud
676 1548 842 1614 Plut.
874 1548 958 1614 de
996 1568 1155 1615 mus.
1191 1569 1243 1615 c.
1280 1551 1391 1628 32,
1456 1568 1539 1615 ex
1597 1550 1989 1616 Aristoxeno
2049 1552 2253 1632 petita
2307 1558 2570 1618 auctore

240 1649 653 1733 Westphalio
688 1649 839 1716 edit.
871 1671 932 1734 p.
972 1647 1095 1734 19),
1144 1657 1279 1716 tum
1310 1650 1678 1734 rhythmica
1709 1650 2002 1718 doctrina
2031 1670 2157 1717 non
2201 1654 2569 1736 respexisse

239 1759 452 1820 metra
499 1744 1018 1838 ἂπεμφαίνοντα
1064 1759 1565 1819 consentaneum
1614 1761 1728 1836 est,
1775 1753 1890 1819 sed
1937 1773 2157 1820 eorum
2204 1761 2430 1838 artem,
2485 1775 2569 1822 ex

239 1875 376 1940 qua
433 1855 806 1922 harmonica
863 1862 1210 1940 praecepta
1268 1854 1622 1940 derivavit,
1681 1856 1926 1941 primae
1973 1863 2036 1923 et
2094 1857 2414 1928 secundae
2458 1878 2569 1925 ae-

238 1959 397 2025 tatis
456 1965 819 2041 auctorum,
878 1959 1011 2021 τιῦν
1060 1953 1382 2042 ἀρχαίων,
1441 1977 1482 2023 a
1528 1959 1759 2042 quibus
1811 1958 2157 2026 adhibetur
2211 1979 2414 2043 genus
2460 1980 2567 2027 en-

239 2061 653 2128 harmonium
698 2081 880 2127 suum
929 2062 1116 2138 (Plut.
1164 2060 1246 2126 de
1295 2080 1453 2126 mus.
1498 2063 1613 2144 393
1661 2060 1940 2128 Aristox.
1991 2063 2070 2127 el.
2119 2061 2319 2128 harm.
2367 2083 2431 2146 p.
2467 2066 2567 2144 32,

243 2167 281 2229 8
313 2163 541 2247 qu.).
617 2165 1041 2230 Aristoxenus
1072 2169 1287 2229 autem
1324 2162 1408 2229 de
1453 2164 1751 2247 genuinis
1783 2165 2132 2247 lyricorum
2178 2166 2568 2231 carminibus

240 2267 769 2349 comicorumque
812 2265 1052 2332 fabulis
1100 2266 1441 2348 inquisivit
1484 2266 1758 2332 fortasse
1805 2286 1885 2332 ea
1929 2265 2012 2332 de
2044 2287 2258 2352 causa,
2305 2275 2376 2333 ut
2421 2288 2572 2351 cog-

239 2376 572 2452 nosceret,
634 2387 800 2452 quae
847 2368 1084 2451 veteri,
1146 2387 1313 2451 quae
1366 2369 1705 2434 recentiori
1751 2366 2288 2452 rhythmopoeiae
2334 2366 2568 2453 τρόπῳ

239 2474 371 2541 sint
428 2471 844 2539 vindicanda.
934 2469 1355 2538 Abiudicavit
1412 2470 1582 2536 enim
1641 2469 1967 2553 Diagorae
2026 2470 2221 2536 Melie
2283 2471 2569 2538 carmina

240 2575 569 2659 quaedam
620 2573 1003 2652 (Philodem.
1037 2572 1197 2654 περὶ
1245 2563 1458 2655 εὗσεβ.
1490 2593 1553 2655 p.
1590 2573 1670 2636 85
1703 2572 2067 2655 Gomperz)‚
2114 2570 2431 2657 Thespidi
2464 2593 2567 2641 co-

238 2677 541 2745 moedias
600 2678 847 2761 aliquot
905 2677 988 2744 ab
1033 2674 1381 2742 Heraclide
1441 2675 1710 2741 Pontico
1767 2673 2059 2740 subditas
2104 2674 2318 2757 (Diog.
2352 2675 2565 2742 Laert.

241 2783 295 2848 V
326 2784 474 2860 92),
534 2779 925 2862 Epicharmo
980 2799 1021 2844 a
1066 2777 1488 2861 Chrysogono
1548 2777 1812 2843 tibicine
1871 2778 2078 2843 factas
2123 2775 2381 2858 (Athen.
2413 2778 2569 2844 XIV

237 2905 299 2968 p.
335 2886 467 2948 648
501 2883 598 2961 Ε).
676 2880 1079 2965 Quamquam
1110 2882 1175 2946 in
1206 2879 1602 2963 Epicharmi,
1649 2885 1884 2964 poetae
1916 2879 2407 2964 dithyrambicis
2439 2882 2570 2949 illis

239 2992 463 3053 aetate
510 2985 711 3050 multo
758 2984 1041 3066 maioris,
1088 2982 1465 3065 fragmentis
1511 2983 1576 3046 in
1622 2982 2055 3065 suspicionem
2097 3002 2226 3047 non
2270 2981 2570 3050 adductis

240 3107 470 3155 omnes
504 3087 892 3153 comicorum
922 3085 1349 3168 posteriorum
1395 3084 1699 3150 licentiae
1745 3084 2156 3150 inveniuntur
2187 3084 2295 3161 (cf.
2328 3085 2572 3168 Grysar

238 3191 341 3257 De
387 3190 807 3255 Doriensium
872 3187 1210 3255 comoedia
1260 3208 1325 3272 p.
1371 3189 1495 3250 227
1544 3205 1717 3269 sqq.;
1777 3186 2051 3252 Lorentz
2110 3177 2563 3267 Epicharmos²

239 3293 469 3361 Leben
513 3291 645 3358 und
683 3290 1007 3358 Schriften
1050 3311 1115 3375 p.
1152 3291 1273 3356 158
1308 3309 1403 3372 sq.
1438 3292 1582 3354 226.
1618 3292 1740 3354 233
1772 3286 1956 3372 sqq).
2048 3286 2237 3354 Unde
2282 3289 2571 3371 sequitur

241 3397 637 3463 comicorum
682 3395 978 3460 licentias
1022 3413 1151 3459 non
1194 3391 1481 3476 pendere
1527 3412 1569 3457 a
1613 3390 2231 3473 dithyrambicorum
2275 3392 2571 3459 novatio·

240 3499 456 3565 nibus.
550 3497 851 3564 Conicias
899 3497 1094 3580 igitur
1138 3496 1318 3562 locos
1364 3492 1818 3580 Plutarcheum
1879 3498 1943 3559 et
1985 3491 2382 3559 Aristideum
2428 3515 2571 3578 per-

239 3603 452 3668 tinere
498 3599 586 3666 ad
633 3600 871 3667 veteris
915 3619 957 3665 a
1000 3599 1354 3665 recentiore
1385 3602 1522 3662 arte
1554 3597 1804 3678 tragica
1851 3601 1914 3661 et
1942 3596 2147 3678 lyrica
2180 3594 2571 3664 discrimine.

238 3706 338 3771 Ac
370 3704 658 3786 tragicos
689 3701 953 3786 quidem
1001 3702 1392 3780 recentiores
1437 3705 1861 3784 anapaestum
1908 3698 1973 3763 in
2020 3697 2237 3765 medio
2284 3700 2571 3767 trimetro

239 3806 594 3873 admisisse
641 3806 836 3871 etiam
883 3804 947 3870 in
992 3803 1359 3870 nominibus
1405 3822 1533 3868 non
1575 3801 1876 3885 propriis,
1925 3801 2295 3868 testimonia
2324 3809 2471 3868 sunt
2516 3803 2574 3868 si

238 3929 374 3976 non
403 3892 693 3993 ipsorum
726 3908 1105 3990 fragmenta,
1136 3911 1207 3971 at
1240 3911 1411 3972 certe
1442 3924 1669 3972 versus
1701 3904 1784 3971 ab
1819 3905 1912 3972 eis
1945 3904 2316 3989 interpolati
2348 3905 2414 3969 in
2443 3904 2570 3971 Eu-

237 4011 482 4097 ripidis
504 4009 851 4095 Iphigenia
865 4009 1205 4075 Aulidensi
1230 4009 1314 4084 (v.
1334 4010 1478 4072 652.
1496 4009 1641 4072 817.
1666 4009 1846 4072 1584.
1873 4004 2064 4089 1589)
2091 4011 2155 4072 et
2178 4007 2243 4071 in
2266 4005 2569 4073 Heracld.

240 4113 333 4199 (v.
371 4115 542 4196 223),
589 4118 723 4177 tum
770 4112 943 4194 quod
990 4108 1203 4177 eidem
1249 4110 1461 4193 legem
1502 4111 1964 4177 Porsonianam
2011 4109 2358 4190 neglexere
2403 4106 2570 4191 (Iph.
