3177 4960
590 374 711 432 192
1552 369 1713 438 Hugo
1747 367 1939 423 Jusatz

585 568 753 632 quae
784 548 866 613 de
895 544 1261 629 rhythmica
1290 563 1436 609 cum
1466 543 1839 609 Aristoxeni
1882 547 2016 608 tum
2046 542 2322 607 aliorum
2358 540 2652 607 doctrina
2681 558 2897 626 super·

585 657 750 733 sunt,
783 648 1135 715 tractanda.
1179 647 1256 711 In
1278 665 1405 729 quo
1428 645 1842 711 multifariam
1867 645 2165 729 peccavit
2187 642 2647 728 WestphaliuS,
2679 641 2898 727 rhyth-

585 753 793 818 micae
836 750 1221 834 disciplinae
1267 754 1414 833 post
1451 747 1851 815 Boeckhium
1896 752 2215 813 mortuum
2260 747 2527 812 antistes
2569 746 2677 822 (cf.
2710 744 2897 811 Suse-

587 852 748 917 mihl
790 854 858 918 in
900 854 1113 920 annal.
1160 850 1320 936 phil.
1379 850 1755 917 LXXXVII
1798 871 1860 935 p.
1894 850 2044 927 871)
2103 869 2272 915 nunc
2326 849 2589 932 unicuS,
2646 869 2729 915 ex
2773 867 2899 931 quo

590 954 1035 1021 adversarium
1065 960 1261 1037 atque
1291 955 1635 1035 aemulum,
1666 953 1796 1019 Jul.
1830 953 2193 1036 Caesarem,
2238 951 2373 1017 fata
2407 951 2841 1036 abripuerunt.
2858 952 2900 1027 ¹)

589 1058 712 1123 Ille
769 1058 945 1123 enim
987 1056 1361 1124 Aristoxeni
1405 1056 1782 1138 fragmentis
1838 1055 2006 1121 adeo
2050 1075 2178 1120 non
2220 1054 2546 1138 pepercit,
2606 1060 2676 1119 ut
2735 1071 2903 1137 quae

587 1162 730 1244 ipse
787 1161 1005 1226 animo
1057 1159 1363 1242 finxerat,
1423 1179 1502 1226 ea
1548 1159 1938 1224 Aristoxeno
1995 1159 2311 1241 imputare
2370 1176 2495 1222 non
2555 1162 2900 1222 vereretur.

591 1261 734 1340 Quo
766 1282 963 1346 saepe
992 1263 1231 1329 factum
1260 1274 1376 1346 est,
1406 1269 1478 1327 ut
1506 1281 1625 1345 pro
1649 1259 1865 1327 verbis
1895 1260 2192 1342 genuinis
2224 1279 2482 1326 sensum
2510 1259 2902 1324 luculentum

592 1365 1052 1449 praebentibus
1098 1365 1510 1431 substitueret
1555 1383 1690 1447 sua,
1747 1363 1925 1428 velut
1967 1362 2035 1427 in
2081 1361 2558 1428 definitionibus
2603 1360 2903 1426 differen-

590 1469 822 1533 tiarum
854 1457 991 1529 κατ’
1033 1460 1385 1532 ἀντίθεσιν
1432 1466 1712 1549 (Fragm.
1738 1484 1798 1530 ιι.
1824 1463 2080 1531 Lehrss.
2112 1485 2175 1548 p.
2209 1467 2358 1540 229)
2391 1470 2456 1529 et
2483 1460 2653 1527 κατὰ
2686 1465 2904 1548 σχῆμα

591 1569 774 1647 (Rh.3
801 1590 865 1653 p.
900 1571 1024 1635 280
1055 1573 1252 1653 sqq.);
1311 1569 1446 1634 alia
1487 1574 1738 1651 autem,
1798 1587 1966 1651 quae
2009 1587 2137 1633 non
2185 1573 2365 1634 erant
2410 1568 2475 1632 in
2519 1586 2657 1633 rem
2700 1586 2904 1648 suam,

589 1672 683 1737 ita
738 1672 1085 1756 relegavit,
1143 1678 1214 1736 ut
1267 1670 1583 1738 scholium
1641 1691 1682 1736 a
1725 1671 1944 1737 nescio
2002 1689 2130 1753 quo
2187 1669 2581 1754 adscriptum
2640 1670 2708 1734 in
2764 1689 2905 1735 ver·

589 1776 819 1841 borum
863 1780 1232 1841 contextum
1276 1775 1580 1858 illapsum
1628 1793 1770 1841 esse
1816 1772 2062 1840 diceret
2105 1773 2275 1849 (Βί).3
2316 1793 2426 1859 pp.
2463 1777 2605 1838 117.
2656 1774 2775 1837 146
2822 1772 2906 1838 (16

592 1876 789 1942 Psell.
834 1880 872 1952 ξ
911 1879 1010 1960 12,
1055 1897 1118 1959 p.
1154 1878 1255 1959 76,
1302 1878 1616 1957 24-263
1662 1874 1808 1941 Rh.⁸
1852 1896 1914 1959 p.
1950 1879 2032 1939 24
2078 1875 2161 1941 de
2204 1875 2388 1942 Mart.
2435 1875 2592 1960 Gap.
2638 1896 2701 1959 p.
2737 1873 2904 1956 194).

592 1978 808 2061 Saepe
853 1983 1069 2044 autem
1114 1979 1352 2044 factum
1400 1985 1499 2044 est
1544 1985 1807 2062 propter
1852 1979 2116 2044 nimiam
2159 1979 2227 2043 in
2255 1978 2549 2062 reliquiis
2592 1976 2907 2062 rhythmi·

594 2081 687 2147 cis
741 2080 1138 2163 corrigendis
1194 2086 1389 2163 atque
1444 2080 1947 2164 interpretandis
2002 2082 2371 2187 libidinem,
2428 2087 2501 2147 ut
2557 2081 2907 2147 luminibus

594 2182 726 2248 suis
770 2182 911 2266 ipse
958 2181 1262 2248 officeret.

1708 2319 1782 2384 B.

700 2438 814 2504 De
857 2437 1234 2503 Aristide
1281 2435 1809 2515 Quintiliano
1858 2445 1933 2506 et
1974 2439 2380 2506 Martiano
2426 2439 2798 2524 Capella.

764 2557 994 2640 Neque
1053 2576 1209 2623 vero
1271 2557 1354 2623 de
1399 2559 1632 2625 ceteris
1688 2556 2092 2641 rhythmicae
2150 2559 2482 2625 doctrinae
2538 2560 2910 2625 auctoribus

594 2661 733 2725 sine
777 2661 875 2724 ira
919 2665 986 2724 et
1015 2659 1228 2724 studio
1275 2660 1592 2725 iudicavit
1621 2659 2080 2744 Westphalius.
2168 2661 2335 2726 Nam
2382 2661 2667 2745 exempli
2712 2681 2913 2727 causa

593 2777 1017 2844 quaecunque
1047 2759 1224 2843 apud
1251 2760 1523 2826 Marium
1547 2762 1944 2828 Victorinum
1974 2769 2324 2847 praecepta
2350 2762 2777 2848 rhythmicam
2812 2784 2910 2830 sa·

592 2864 797 2946 piunt,
844 2880 923 2926 ea
962 2881 1047 2944 ex
1076 2862 1487 2929 Aristoxenei
1531 2864 1805 2931 alicuius
1847 2864 2013 2931 libro
2059 2866 2353 2933 desumta
2399 2886 2540 2933 esse
2585 2867 2804 2932 statim
2851 2868 2912 2932 ei

595 2969 837 3030 certum
871 2969 986 3030 est.
1059 2964 1222 3029 Item
1252 2985 1575 3047 anonymo
1607 2966 2189 3052 Bellermanniano,
2235 2969 2632 3052 Byzantinae
2676 2971 2910 3036 aetatis

594 3065 892 3149 scriptori
923 3071 987 3131 et
1016 3066 1217 3132 Arabi
1262 3067 1517 3133 cuidam
1548 3067 1902 3136 Farabensi
1943 3072 2150 3154 magis
2189 3071 2393 3137 credit
2438 3072 2519 3138 de
2550 3078 2912 3155 temporum

595 3169 1165 3251 incompositorum
1237 3170 1517 3237 maximo
1594 3173 1804 3255 spatio
1878 3193 2070 3257 quam
2137 3174 2406 3240 Aristidi
2475 3173 2911 3252 Quinctiliano

597 3270 767 3348 (Rh.³
808 3291 872 3354 p.
904 3274 1031 3348 94).
1121 3270 1329 3349 Quem
1374 3280 1699 3340 auctorem
1746 3276 2005 3341 omnino
2050 3276 2477 3360 inaequaliter
2521 3277 2911 3344 aestimavit.

595 3372 790 3438 Modo
836 3374 1005 3437 enim
1052 3374 1220 3452 (Βὶι.3
1260 3396 1324 3459 p.
1360 3377 1464 3453 23)
1510 3377 1857 3442 maximam
1903 3384 2150 3462 partem
2195 3378 2282 3445 ad.
2312 3379 2767 3446 Aristoxenum
2814 3400 2911 3446 re-

596 3471 865 3538 ferenda
908 3493 1050 3539 esse
1095 3484 1341 3558 censet,
1402 3496 1570 3560 quae
1613 3478 1699 3543 ab
1744 3479 1858 3543 illo
1903 3480 2269 3563 traduntur,
2331 3481 2522 3547 modo
2569 3481 2912 3548 dissentire

596 3575 680 3640 ab
725 3574 1112 3641 Aristoxeno
1168 3580 1652 3662 compilatorem
1705 3581 1771 3645 in
1816 3582 2007 3647 rebus
2061 3584 2493 3667 gravissimis,
2548 3583 2630 3650 de
2676 3585 2913 3669 quibus

598 3789 743 3858 quod
778 3796 1032 3859 quartum
1066 3793 1328 3848 adderent
1349 3796 1450 3850 viri
1474 3796 1625 3851 docti
1659 3797 1904 3868 plerique
1942 3804 2189 3868 (excepto
2211 3800 2314 3856 Iul.
2341 3800 2600 3868 Caesare,
2636 3802 2754 3857 Ind.
2784 3804 2911 3858 lect.

596 3874 811 4026 ἔᾶῗέὴξ).
854 3877 1071 3945 1884185
1097 3894 1149 3947 p.
1175 3878 1247 3945 X)
1281 3894 1350 3932 ex
1385 3896 1448 3935 eo
1483 3882 1622 3947 loco,
1665 3883 1756 3951 qui
1793 3887 1875 3939 est
1911 3887 2044 3957 περὶ
2079 3888 2385 3957 σημείων
2428 3890 2682 3943 ποδικαῖν
2724 3888 2909 3956 (Psell.

777 4050 822 4112 1)
859 4045 1009 4115 Quae
1045 4049 1253 4119 scripta
1288 4055 1441 4118 sunt,
1487 4059 1774 4121 antequam
1814 4054 2184 4124 Westphalius
2221 4073 2434 4127 quoque
2469 4058 2610 4113 diem
2646 4058 2782 4114 obiit
2818 4075 2909 4114 su·

599 4145 842 4200 promum
878 4146 1062 4187 mense
1095 4133 1345 4203 Augusto
1383 4152 1431 4192 a.
1473 4136 1888 4195 MDGGGXCII.
