3177 4960
875 347 960 404 De
994 347 1408 403 irrationalitate
1443 346 1627 404 studia
1661 348 1982 418 rhythmica.
2472 352 2593 410 199

261 542 396 588 uno
427 527 717 605 tempore
749 521 932 587 illum
953 523 1336 588 rationalem
1366 521 1604 605 pedem
1636 521 1914 587 excedit.
1973 520 2293 601 Quantum
2326 544 2478 591 vero
2512 527 2598 592 sit

258 630 687 708 augmentum
734 624 897 690 illud
942 624 1337 707 irrationale,
1382 624 1561 689 nullo
1593 624 1787 690 modo
1833 623 2088 690 definiri
2131 632 2361 710 potest.
2449 627 2594 705 Quo

258 734 485 794 autem
526 733 718 810 pacto
751 746 837 794 ex
867 727 1240 794 Aristoxeni
1271 727 1486 793 verbis
1517 731 1824 810 sequatur
1855 727 2227 794 irrationale
2260 725 2400 796 esse
2431 729 2594 796 illud

263 828 579 912 medium,
629 829 802 912 quod
849 827 1084 895 dicitur
1111 827 1605 912 arithmeticum,
1650 848 1780 895 non
1825 830 2154 913 intellego.
2230 829 2419 908 Quod
2450 852 2595 898 cum

265 933 402 996 iam
428 930 802 998 Boeckhius
831 951 1173 997 mensurae
1197 951 1352 998 suae
1372 932 1757 998 subiecisset
1786 937 1850 998 et
1879 931 2342 1016 adaptavisset,
2375 953 2595 1016 quam·

259 1053 465 1116 quam
508 1034 592 1099 ab
639 1033 1012 1099 Hermanno
1057 1033 1166 1112 (de
1196 1035 1380 1117 epitr.
1413 1032 1551 1100 dor.
1586 1033 1708 1118 Op.
1740 1034 1835 1100 111
1868 1036 1949 1099 84
1980 1040 2100 1118 sq.)
2147 1042 2262 1103 est„
2289 1035 2595 1120 redargu-

265 1142 426 1215 tum,
468 1142 687 1211 tamen
731 1135 947 1202 adhuc
990 1135 1284 1219 plerique
1329 1134 1599 1213 (Caesar
1642 1136 1921 1220 Grdzge.
1961 1158 2024 1221 p.
2064 1142 2205 1223 144,
2236 1139 2593 1223 Westphal.

267 1237 424 1304 Bh.³
442 1258 507 1321 p.
540 1240 683 1303 132.
714 1242 868 1320 1453
901 1236 1247 1303 Susemihl.
1278 1238 1346 1304 in
1376 1238 1572 1304 annal
1602 1237 1763 1324 phil.
1787 1239 2160 1306 LXXXVII
2191 1263 2253 1326 p.
2282 1244 2426 1307 872.
2459 1243 2597 1316 alii)

265 1341 695 1406 retinuerunt.
782 1341 890 1423 At,
936 1341 992 1406 si
1035 1340 1219 1423 arsis,
1266 1360 1433 1423 quae
1479 1341 1647 1406 inter
1689 1361 2127 1409 monosemam
2173 1350 2238 1410 et
2281 1343 2595 1410 disemam

260 1448 369 1509 est
399 1433 529 1505 ἆνὰ
559 1439 784 1523 μέσον,
824 1461 909 1509 ex
939 1443 1143 1509 tribus
1173 1444 1481 1526 temporis
1509 1444 1705 1526 primi
1733 1445 2025 1527 partibus
2057 1445 2345 1512 dimidiis
2374 1447 2597 1530 utique

266 1550 616 1626 constaret,
670 1545 817 1628 quis
861 1543 1134 1627 dubitat,
1181 1546 1336 1628 quin
1378 1552 1633 1630 tempus
1675 1547 1954 1629 primum
1997 1567 2201 1631 usque
2244 1548 2332 1615 ad
2377 1548 2597 1615 brevis

272 1646 575 1729 syllabae
637 1645 980 1711 dimidium
1025 1646 1467 1714 deminuturus
1510 1648 1707 1713 fuerit
1744 1648 2188 1732 Aristoxenus,
2234 1657 2305 1715 ut
2346 1650 2594 1716 irratio·

270 1748 544 1814 nalitate
570 1750 831 1815 omnino
855 1756 1078 1832 posset
1100 1769 1321 1815 carere
1336 1749 1369 1813 P
1414 1750 1550 1814 Iam
1578 1769 1734 1816 vero
1759 1770 1904 1816 cum
1926 1750 2102 1835 apud
2124 1752 2288 1818 alios
2311 1751 2595 1819 Graecos

268 1850 382 1926 (cf.
426 1851 777 1916 Hermann.
826 1850 948 1934 Op.
993 1850 1082 1915 ΙΙΙ
1124 1872 1187 1935 p.
1233 1851 1314 1916 83
1343 1851 1517 1929 adn.)
1576 1858 1709 1918 tum
1769 1852 1944 1937 apud
2001 1855 2459 1920 Aristoxenum
2516 1851 2591 1917 τὸ

262 1949 480 2034 μέσον
511 1954 620 2019 vel
660 1944 786 2016 ἀνὰ
833 1950 1040 2035 μέσον
1071 1953 1178 2020 vel
1221 1951 1467 2035 μεταξὺ
1500 1974 1814 2038 nusquam
1859 1958 2179 2023 invenitur
2224 1958 2466 2024 dictum
2513 1958 2595 2024 de

263 2054 484 2121 medio
516 2054 944 2139 arithmetico,
990 2055 1110 2122 sed
1143 2057 1224 2122 de
1255 2057 1547 2139 qualibet
1576 2058 1947 2142 medietate,
1994 2079 2159 2142 quae
2191 2061 2358 2126 intra
2388 2067 2594 2127 certos

265 2157 431 2224 fines
477 2158 865 2242 continetur,
911 2160 1091 2226 velut
1135 2160 1215 2225 el.
1250 2158 1452 2225 harm.
1484 2180 1547 2245 p.
1584 2163 1687 2244 64,
1729 2164 1810 2224 24
1843 2162 2046 2245 qu.:
2093 2158 2177 2226 τὰ
2223 2160 2296 2226 δὲ
2339 2160 2595 2227 τούτων

275 2264 390 2338 (sc.
454 2261 589 2324 τῶν
647 2259 1050 2347 συμφώνων)
1109 2253 1235 2326 ἆνὰ
1292 2259 1500 2343 μέσον
1559 2260 1874 2349 διάφωνα
1934 2258 2107 2329 εἶναι
2166 2262 2471 2348 λέγομεν;
2535 2275 2598 2332 et

266 2383 332 2447 p.
370 2365 474 2444 84,
527 2368 638 2446 1¹3
687 2364 789 2448 86,
825 2367 897 2447 6;
945 2358 1229 2445 μεταξὺε
1278 2385 1338 2448 p.
1376 2369 1476 2449 72,
1510 2368 1581 2450 23
1630 2368 1732 2448 84,
1768 2370 1836 2449 7;
1883 2369 2050 2450 92,2
2095 2368 2277 2435 alias.
2367 2367 2595 2450 Neque

269 2484 432 2531 vero
464 2464 753 2550 dubium,
799 2467 955 2551 quin
985 2467 1041 2533 si
1072 2466 1356 2534 medium
1402 2466 1881 2535 arithmeticum
1925 2469 2217 2553 intellegi
2260 2471 2595 2554 voluisset,

267 2588 400 2634 non
424 2588 655 2635 usurus
678 2569 872 2635 fuerit
895 2571 1376 2654 praepositione
1402 2562 1549 2650 ἀνὰ,
1583 2591 1714 2654 qua
1735 2573 1946 2653 locum
1977 2571 2211 2640 finibus
2242 2572 2595 2657 definitum,

267 2690 393 2754 per
447 2689 520 2737 se
577 2677 791 2737 autem
859 2671 1263 2739 indefinitum
1323 2694 1466 2739 esse
1525 2673 1875 2756 significari
1943 2675 2177 2741 docent
2240 2677 2595 2742 locutiones

270 2764 403 2835 ἆνὰ
451 2770 775 2855 στρατὸν,
827 2764 953 2837 dv&
999 2772 1214 2861 μάχην
1258 2776 1386 2841 iam
1435 2775 1719 2843 Homero
1762 2780 1866 2855 (A
1900 2781 2010 2859 10,
2056 2780 2115 2840 E
2140 2780 2298 2862 824,
2346 2783 2417 2841 N
2442 2779 2595 2861 270)

272 2882 661 2959 usurpatae3
707 2878 901 2943 immo
935 2877 1211 2944 dixisset
1245 2880 1529 2945 musicus
1576 2876 1646 2943 έν
1688 2881 1786 2963 τῷ
1829 2876 2033 2964 μέσῳ.
2121 2882 2292 2947 Illud
2338 2901 2596 2966 quoque

268 2977 956 3063 animadvertendum,
1016 2980 1190 3063 quod
1241 3002 1284 3046 a
1340 2982 1556 3048 verbis
1613 2989 1680 3048 et
1734 2979 1939 3064 μέσον
1993 2981 2289 3068 μέγεθος
2346 2990 2413 3050 et
2470 2976 2596 3048 ἆνὰ

265 3082 479 3162 μέσον
524 3080 710 3148 abest
738 3083 1065 3165 articulus,
1111 3101 1343 3166 nempe
1372 3090 1441 3149 ut
1483 3083 1886 3151 indefinitum
1917 3086 2245 3169 quoddam
2274 3094 2339 3152 et
2380 3088 2596 3154 incon-

267 3189 451 3251 stans
498 3183 913 3267 significetur.
1002 3183 1175 3262 Quid
1195 3185 1228 3250 ⁶?
1271 3205 1482 3253 nonne
1528 3188 1758 3254 eodem
1804 3190 1941 3254 iure
1984 3190 2208 3255 liceret
2252 3209 2335 3254 ex
2379 3190 2597 3259 verbis

269 3279 310 3370 ἡ
361 3276 604 3369 ἀλογία
650 3283 842 3351 ἔσται
891 3284 1140 3370 μεταξὺ
1188 3284 1306 3352 δύο
1353 3286 1567 3371 λόγων
1615 3289 1891 3372 efficere,
1938 3291 2102 3355 inter
2145 3292 2595 3375 proportiones

273 3407 537 3472 quoque
582 3388 745 3455 duas
789 3390 1268 3473 proportionem
1314 3391 1693 3457 sumendam
1739 3411 1881 3457 esse
1924 3397 2222 3458 accurate
2265 3393 2595 3460 mediam}>

273 3491 497 3557 Media
542 3499 760 3557 autem
817 3493 1235 3576 proportione
1279 3494 1562 3576 gignitur
1609 3493 1890 3559 medium
1935 3495 2214 3579 spatium
2258 3498 2598 3579 geometri-

270 3613 453 3676 cum;
481 3599 617 3658 tum
642 3592 906 3661 diversa
929 3594 1218 3661 eiusdem
1239 3596 1913 3679 arsis'procrearentur
1933 3599 2146 3681 spatia
2169 3603 2224 3674 (1
2246 3603 2313 3674 ¹l2
2343 3605 2408 3665 et
2427 3601 2595 3683 γῖ),

270 3695 451 3778 quod
494 3697 674 3761 nullo
719 3695 913 3763 modo
958 3697 1110 3762 ferri
1154 3704 1384 3781 potest.

445 3797 745 3880 Denique
789 3806 854 3864 et
897 3799 1250 3885 Dionysius
1298 3799 1405 3880 (de
1450 3820 1661 3885 comp.
1706 3802 1884 3868 verb.
1932 3823 1986 3869 c.
2023 3807 2099 3867 17
2117 3827 2131 3868 :
2180 3795 2297 3868 οὐκ
2339 3801 2599 3886 ἔχοντες

269 3897 496 3963 εἰπεῖν
528 3896 749 3983 πόσῳ,
796 3900 1117 3965 καλοῦσιν
1150 3900 1239 3979 (οἱ
1271 3900 1616 3989 ῥυθμικοὶ)
1650 3893 1855 3990 αὐτὴν
1887 3896 2152 3988 ἄλογον)
2185 3913 2249 3972 et
2276 3907 2597 3976 Aristides

268 4033 456 4087 aliena
489 4032 660 4086 fuisse
693 4032 904 4088 videtur
938 4033 1056 4101 (frg.
1094 4046 1184 4102 ap.
1208 4035 1478 4105 Porphyr.
1515 4052 1567 4106 p.
1607 4040 1706 4090 256
1731 4035 1925 4090 Wallis
1950 4064 2016 4084 =
2041 4042 2126 4103 40,
2155 4042 2184 4092 8
2205 4039 2322 4103 W.;
2360 4046 2415 4095 et
2449 4043 2598 4110 apud

264 4116 420 4172 Plut.
458 4117 527 4172 de
561 4132 698 4172 mus·
738 4133 786 4172 c.
815 4121 909 4173 332
947 4118 1253 4190 γινομένου
1286 4122 1569 4194 τροχαίου
1604 4117 1735 4180 ἀντὶ
1770 4124 2065 4189 παίωνος).
