3177 4960
590 313 713 371 206
1554 315 1712 383 nugo
1748 315 1937 370 Jusatz

588 493 761 554 certo
793 486 1264 570 disiungeretur
1293 488 1584 571 termino,
1617 508 1825 571 neque
1856 490 2105 555 aurium
2133 487 2374 554 iudicio
2398 487 2906 572 permittendum*

589 597 790 674 esset,
851 595 1059 654 utrum
1125 587 1601 655 tetrachordum
1660 590 1986 673 quoddam
2047 596 2218 656 esset
2272 589 2759 656 enharmonium
2811 609 2894 655 an

585 691 1062 759 chromaticum.
1116 690 1342 773 Itaque
1367 691 1539 774 quod
1563 693 1873 776 gloriatur
1883 693 2306 759 Aristoxenus
2331 698 2417 775 (p.
2445 696 2546 776 50,
2574 695 2651 757 16
2673 692 2893 775 qu.),

587 792 655 858 id
701 793 873 876 quod
920 793 1168 876 priores
1212 792 1503 877 fugisset,
1548 795 1821 878 primum
1853 814 1923 861 se
1954 794 2279 861 invenisse
2325 795 2683 876 litterisque
2721 814 2892 859 man-

587 895 798 973 dasse,
842 892 1014 959 πότε
1059 888 1331 976 ἄρχεται
1377 892 1449 971 ἐξ
1492 889 1814 982 ἁρμονίας
1852 893 2089 982 χρῶμά
2127 920 2195 961 τι
2237 899 2612 979 γίγνεσθαι,
2657 916 2897 962 vanum

587 998 1186 1081 circulatoriumque
1224 1005 1414 1083 esset,
1461 1000 1514 1065 si
1562 1000 1900 1065 terminum
1946 1000 2154 1083 ipsum
2200 1019 2320 1066 nec
2365 1001 2666 1082 cognosci
2713 995 2899 1081 (γνώ-

588 1123 781 1185 ριμον
828 1094 1024 1179 εἶναι)
1081 1121 1201 1167 nec
1257 1102 1459 1186 probe
1514 1103 1787 1186 exprimi
1844 1122 2036 1186 posse
2090 1103 2371 1168 numeris
2425 1097 2648 1187 (ῥητὸν
2700 1095 2898 1177 εἶναι)

589 1209 728 1269 erat
778 1201 1228 1269 confitendum.
1317 1204 1546 1287 Neque
1595 1224 1748 1270 vero
1806 1225 1949 1271 cum
2007 1206 2163 1271 viris
2221 1205 2429 1271 doctis
2486 1203 2757 1287 litigabo
2816 1202 2899 1269 de

589 1325 687 1388 e0,
733 1307 1107 1389 quantulum
1154 1306 1638 1373 intervallorum
1685 1307 2030 1373 discrimen
2073 1308 2335 1373 auribus
2380 1307 2627 1390 percipi
2671 1306 2816 1372 sive
2861 1326 2903 1371 a

584 1408 769 1474 nobis
813 1408 1019 1491 possit
1062 1409 1201 1473 sive
1243 1409 1525 1491 potuerit
1565 1429 1611 1474 a
1652 1414 1941 1474 veterum
2000 1409 2302 1492 quopiam
2346 1410 2488 1475 sive
2531 1429 2573 1474 a
2624 1408 2898 1475 musico-

587 1530 728 1575 rum
760 1508 1157 1575 Graecorum
1200 1511 1640 1576 subtilissimo.
1730 1510 2213 1577 Enucleandum
2257 1510 2474 1594 potius
2520 1529 2557 1576 e
2605 1509 2763 1576 solis
2805 1516 2902 1575 te·

588 1612 937 1695 stimoniiS,
991 1630 1157 1693 quae
1201 1612 1546 1678 intervalla
1586 1613 1671 1678 ab
1717 1614 2104 1679 Aristoxeno
2150 1611 2328 1680 dicta
2368 1613 2496 1679 sint
2539 1613 2901 1694 rationalia,

589 1733 754 1797 quae
800 1714 1215 1780 irrationalia.

757 1816 894 1881 Iam
942 1836 1095 1882 vero
1141 1812 1217 1880 τὸ
1263 1813 1433 1879 κατὰ
1463 1819 1666 1900 μέρος
1711 1813 1911 1903 ῥητὸν
1945 1815 2385 1883 harmonicum
2429 1815 2678 1884 duabas
2709 1817 2901 1884 rebus

587 1918 952 2002 praeditum
999 1937 1143 1984 esse
1195 1919 1556 2002 postulatur
1610 1919 1755 1985 loco
1812 1925 2031 1985 nostro
2091 1939 2154 2002 p.
2186 1920 2288 2001 34,
2321 1921 2402 1982 20
2435 1919 2569 1983 W.:
2628 1919 2903 2002 πρῶτον

587 2021 708 2101 με’ν
754 2015 897 2083 ἐστι
927 2016 1452 2104 μελῳδούμενον,
1502 2017 1741 2085 ἔπειτα
1784 2018 2118 2104 γνώριμον
2146 2018 2312 2085 κατὰ
2346 2024 2654 2105 μέγεθος.
2730 2019 2903 2100 Quo-

588 2143 727 2188 rum
774 2121 925 2188 huie
968 2122 1342 2189 satisfacere
1399 2124 1760 2209 intervalla,
1808 2144 1975 2206 quae
2020 2143 2137 2191 sex
2196 2125 2326 2190 illis
2370 2118 2762 2191 tetrachordi
2809 2123 2903 2189 di-

590 2225 944 2291 visionibus
975 2224 1340 2309 gignuntur,
1373 2226 1502 2291 iam
1533 2225 2039 2294 demonstratum
2073 2233 2201 2309 est3
2233 2228 2538 2311 sequitur,
2570 2233 2641 2292 ut
2671 2227 2903 2293 eadem

591 2347 732 2394 esse
775 2324 1248 2411 μελῳδούμενα
1300 2329 1661 2411 probemus.
1752 2330 1931 2396 Dicit
1973 2337 2189 2396 autem
2231 2331 2654 2396 Aristoxenus
2700 2330 2803 2408 (el.
2840 2328 2903 2394 h.

585 2453 650 2517 p.
684 2432 785 2508 66,
819 2434 857 2497 6
888 2429 1097 2514 qu.:
1142 2431 1260 2495 τοῦ
1319 2427 1391 2495 δὲ
1449 2428 1649 2497 τόνου
1705 2433 1926 2517 μερῶν
1982 2430 2384 2518 μελῳδεῖται
2440 2428 2518 2496 τὸ
2580 2422 2815 2519 ἥμισυ,
2865 2429 2904 2497 ὃ

587 2535 890 2600 καλεῖται
945 2527 1324 2620 ἡμιτόνιον,
1378 2535 1486 2599 καὶ
1543 2531 1617 2599 τὸ
1678 2539 1901 2616 τρίτον
1958 2532 2175 2620 μέρος,
2234 2532 2269 2600 ὃ
2327 2534 2629 2599 καλεῖται
2689 2533 2907 2611 δίεσις

582 2634 967 2723 χρωματικὴ
1030 2634 1371 2723 ἐλαχίστη,
1428 2639 1538 2702 καὶ
1596 2634 1673 2701 τὸ
1733 2636 2056 2722 τέταρτον
2115 2639 2218 2716 (cf.
2279 2638 2435 2704 ibid.
2495 2658 2557 2721 p.
2592 2641 2691 2716 30,
2740 2641 2777 2703 3
2841 2644 2909 2705 et

587 2742 863 2824 Bryenn.
915 2760 979 2823 p.
1013 2740 1180 2816 478).
1269 2740 1458 2807 Unde
1516 2741 1733 2806 statim
1778 2741 2063 2823 sequitur
2108 2739 2317 2806 diesin
2374 2746 2504 2806 tam
2565 2740 2908 2807 enharmo-

589 2845 761 2909 niam
808 2861 999 2925 quam
1046 2841 1391 2909 chromatis
1437 2844 1671 2925 mollis,
1719 2864 1863 2910 cum
1896 2844 2162 2909 eaedem
2191 2844 2320 2910 sint
2361 2840 2687 2926 γνώριμοι
2729 2839 2906 2906 κατὰ

588 2941 897 3027 μέγεθος,
932 2961 1072 3010 esse
1096 2944 1462 3029 rationales,
1487 2965 1678 3028 porro
1704 2946 2133 3023 intervallum,
2166 2944 2339 3028 quod
2366 2951 2466 3012 est
2494 2947 2660 3012 inter
2681 2965 2911 3012 mesen

592 3056 656 3114 et
699 3046 1024 3114 lichanum
1071 3046 1416 3114 chromatis
1477 3047 1794 3131 hemiolii3
1853 3067 2064 3131 neque
2123 3049 2326 3131 enim,
2385 3057 2455 3114 ut
2509 3050 2651 3114 vult
2691 3049 2902 3115 West-

588 3148 880 3234 phalius,
942 3167 1023 3214 ex
1069 3148 1364 3215 undecim
1422 3151 1556 3215 toni
1615 3151 1907 3234 partibus
1952 3152 2153 3217 sextis
2198 3156 2480 3233 constat,
2539 3152 2735 3216 immo
2782 3147 2910 3215 δύο

589 3255 857 3337 μέτροις
880 3263 1241 3335 μετρεῖται,
1265 3245 1593 3337 ἡμιτονίῳ
1626 3252 1748 3335 μὲν
1778 3252 1943 3339 τρὶς,
1966 3253 2349 3337 χρωματικῇ
2373 3250 2446 3316 δὲ
2477 3251 2686 3318 διέσει
2715 3245 2914 3329 ἅπαξ

590 3360 676 3440 (p.
713 3359 812 3438 72,
847 3357 926 3418 26
959 3354 1180 3437 qu.).
1269 3354 1428 3422 Sola
1482 3355 1681 3422 diesis
1726 3362 2048 3439 superest,
2109 3374 2275 3438 quae
2322 3362 2420 3422 est
2463 3358 2530 3420 in
2575 3355 2913 3423 chromate

590 3455 916 3521 hemiolio.
1005 3456 1202 3539 Atqui
1259 3457 1402 3523 loco
1461 3478 1655 3541 supra
1709 3456 1973 3522 laudato
2016 3457 2227 3539 agitur
2282 3456 2365 3523 de
2420 3458 2708 3542 partibus
2765 3461 2911 3524 toni

591 3557 893 3641 singulis,
953 3563 1082 3623 tres
1136 3565 1351 3625 autem
1407 3566 1627 3645 partes
1673 3564 1943 3625 octavae
1999 3579 2126 3624 non
2171 3565 2318 3625 sunt
2374 3580 2525 3643 pars
2580 3560 2772 3626 totius
2816 3580 2912 3627 ex

590 3666 878 3725 veterum
926 3657 1187 3725 dicendi
1224 3679 1362 3740 usu,
1407 3662 1524 3727 sed
1569 3667 1804 3744 parteS,
1852 3681 1975 3727 non
2023 3662 2230 3727 minus
2277 3680 2470 3744 quam
2513 3668 2640 3729 tres
2684 3668 2910 3745 partes

591 3767 887 3845 quartae,
934 3760 1106 3844 quod
1151 3762 1558 3829 intervallum
1606 3765 1671 3828 in
1715 3761 1978 3828 diatono
2024 3764 2204 3829 molli
2246 3761 2710 3847 μελῳδεῑσθαι
2755 3783 2912 3830 con-

592 3863 857 3930 ceditur.
947 3863 1172 3946 Itaque
1213 3865 1391 3930 locus
1421 3885 1549 3931 non
1595 3863 1885 3949 impedit,
1933 3865 2271 3947 quominus
2316 3864 2525 3932 diesin
2556 3865 2912 3934 chromatis

592 3964 883 4031 hemiolii
926 3983 1183 4047 quoque
1227 3965 1391 4031 inter
1434 3962 1909 4049 μελῳδούμενα
1939 3972 2133 4049 atque
2163 3968 2503 4034 rationalia
2531 3967 2910 4036 referamus.

590 4066 739 4131 Pari
771 4070 984 4131 autem
1030 4065 1167 4131 iure
1197 4086 1341 4132 eam
1384 4067 1474 4131 uti
1505 4086 1582 4132 ae
1612 4073 1858 4132 ceteras
1900 4066 2132 4151 dieses,
2178 4065 2329 4133 inde
2375 4068 2678 4150 sequitur,
2727 4068 2916 4150 quod
