3177 4960
831 353 916 408 De
949 352 1369 410 irrationalitate
1405 354 1587 410 studia
1624 354 1942 425 rhythmica.
2425 359 2547 419 279

213 545 674 596 monosemum
719 525 1045 608 (λεῖμμα),
1093 528 1149 593 si
1194 526 1356 593 arsis
1402 533 1498 594 est
1543 527 1822 611 disema,
1870 530 1971 595 sin
2014 550 2404 608 monosema‚
2450 530 2546 597 di-

217 649 478 697 semum
511 626 941 718 (πρόσθεσςς)
971 629 1081 712 (cf.
1107 626 1483 696 Buchholtz.
1509 628 1745 697 Philol.
1763 631 2057 697 XXXIII
2069 653 2180 717 pp.
2206 637 2349 700 464.
2378 638 2542 710 473).

1155 935 1442 1003 CAPUT
1486 936 1630 1003 XV.

898 1068 1017 1148 De
1068 1074 1320 1147 metris
1372 1074 1878 1156 anaclomem'S.

398 1242 537 1310 Sed
583 1242 920 1309 redeamus
966 1243 1050 1309 ad
1098 1244 1368 1309 trimetri
1426 1249 1490 1311 et
1535 1245 1890 1310 tetrametri
1936 1244 2164 1328 tragici
2210 1246 2546 1329 syzygiam

217 1349 536 1416 ultimam.
626 1345 822 1413 Cuius
870 1344 1337 1428 diagrammata
1386 1346 1547 1414 haec
1582 1352 1757 1413 sunt:
1804 1359 2079 1412 3⁸—va
2110 1355 2176 1413 et
2202 1363 2545 1415 222QO.

218 1450 655 1517 Aristoxenus
700 1448 813 1514 ille
844 1447 1124 1531 quidem,
1173 1468 1316 1515 cum
1356 1448 1439 1515 de
1471 1449 1867 1533 temporibus
1910 1450 2392 1518 irrationalibus
2437 1472 2546 1518 ex-

217 1557 533 1638 poneret,
592 1570 810 1617 eorum
857 1552 1068 1634 spatia
1112 1549 1365 1617 definiri
1408 1571 1537 1618 non
1583 1571 1806 1635 posse,
1868 1558 2084 1619 tamen
2128 1554 2296 1619 intra
2341 1559 2547 1621 certos

219 1655 389 1723 fines
437 1654 749 1721 contineri
794 1653 917 1729 ait,
976 1655 1069 1719 ita
1124 1659 1194 1719 ut
1239 1653 1741 1737 unumquodque
1798 1655 1964 1721 inter
2019 1654 2146 1721 duo
2204 1655 2549 1722 rationalia

220 1756 686 1826 intermedium
731 1756 815 1823 sit
859 1761 921 1822 et
951 1756 1106 1822 bina
1149 1761 1441 1840 tempora
1487 1753 1554 1819 ἐν
1587 1756 1877 1841 ῥυθμοῖς
1923 1764 2181 1824 servent
2211 1777 2546 1825 commune

221 1869 594 1945 temporum
642 1878 860 1926 eorum
906 1860 1206 1943 spatium,
1256 1878 1335 1925 ex
1367 1860 1601 1942 quibus
1647 1880 1762 1944 per
1808 1860 2184 1946 parallagen
2230 1867 2371 1927 orta
2400 1862 2546 1927 sint.

219 1966 462 2048 Itaque
519 1963 681 2029 arsis
740 1962 855 2028 illa
911 1962 1299 2028 irrationalis
1360 1968 1458 2029 est
1502 1962 1720 2029 media
1775 1965 1942 2030 inter
1984 1963 2157 2031 arsin
2202 1963 2402 2029 iambi
2446 1984 2546 2030 ra-

221 2066 493 2134 tionalis
537 2083 974 2132 monosemam
1022 2071 1087 2131 et
1128 2064 1301 2131 arsin
1347 2064 1681 2143 disemam‚
1736 2065 1937 2134 thesis
1981 2073 2196 2133 autem
2242 2068 2409 2133 inter
2451 2066 2548 2133 di·

220 2188 475 2238 semam
523 2175 587 2234 et
627 2186 1098 2250 monosemam3
1145 2187 1272 2250 quo
1316 2166 1390 2233 fit
1430 2175 1502 2234 ut
1545 2188 1764 2235 eorum
1812 2170 2175 2236 coniunctio
2220 2168 2437 2236 media
2465 2171 2549 2236 sit

225 2272 400 2336 inter
443 2268 731 2334 iambum
775 2268 1158 2334 rationalem
1204 2273 1270 2334 et
1314 2287 1459 2335 eum
1504 2269 1765 2353 pedem,
1812 2270 1922 2352 qui
1953 2270 2237 2352 speciem
2281 2271 2550 2354 praebet

224 2371 547 2455 trochaei,
591 2372 659 2436 in
704 2389 830 2454 quo
886 2371 1237 2453 percutitur
1281 2371 1514 2437 brevis.
1607 2372 1775 2437 Tota
1830 2376 2046 2437 autem
2106 2372 2375 2455 syzygia
2418 2392 2545 2439 non

225 2484 327 2545 est
374 2473 597 2542 media
641 2475 806 2541 inter
851 2471 1205 2541 diiambum
1252 2479 1315 2540 et
1346 2474 1673 2558 epitritum
1720 2471 2186 2557 heptasemum,
2231 2478 2303 2545 ut
2332 2471 2546 2540 adhuc

223 2577 547 2648 creditum
609 2583 738 2660 est,
800 2596 1023 2643 verum
1079 2577 1245 2642 inter
1301 2576 1656 2642 diiambum
1717 2583 1781 2642 et
1824 2574 2296 2659 choriambum,
2341 2575 2545 2660 pedes

225 2683 641 2750 hexasemos.
730 2679 873 2759 Quo
919 2679 1022 2762 fit,
1067 2686 1137 2745 ut
1179 2678 1536 2746 choriambi
1582 2699 1728 2747 cum
1774 2677 2077 2745 diiambis
2123 2678 2544 2763 misceantur3

225 2784 644 2854 choriambus
700 2781 902 2864 enim,
972 2782 1028 2848 si
1084 2780 1154 2846 fit
1211 2781 1634 2864 irrationalis,
1704 2781 1934 2848 eadem
1991 2780 2128 2847 fere
2183 2786 2544 2866 temporum

223 2888 446 2974 spatia
480 2884 694 2968 habet,
726 2903 891 2968 quae
923 2888 1069 2951 sunt
1099 2884 1165 2948 in
1195 2881 1480 2950 diiambo
1511 2885 1867 2951 irrationali
1899 2884 2094 2977 (ἔξω
2115 2921 2154 2928 -
2181 2915 2247 2934 =
2271 2898 2323 2939 ἑ
2342 2898 2385 2934 ¹—
2403 2910 2448 2939 υ
2467 2888 2547 2965 -).

400 2987 566 3055 Inde
596 2986 901 3070 sequitur,
950 2984 1326 3069 choriambi,
1376 2987 1628 3070 quoties
1674 2985 1959 3055 diiambo
2003 2988 2372 3072 respondet,
2419 3010 2546 3056 non

225 3091 486 3177 percuti
528 3089 787 3173 longam
817 3090 1117 3173 priorem,
1164 3088 1278 3156 sed
1301 3089 1581 3172 priorem
1613 3091 1910 3174 brevem3
1958 3090 2132 3158 idem
2160 3110 2280 3157 usu
2310 3092 2545 3173 veniet,

226 3193 490 3279 quoties
519 3191 953 3258 admiscentur
994 3191 1296 3258 diiambis
1326 3191 1704 3259 choriambi.
1795 3192 1956 3258 Cum
1983 3197 2197 3259 autem
2231 3189 2544 3257 choriam-

228 3298 331 3363 bis
377 3315 503 3380 par
547 3295 630 3360 sit
672 3293 1024 3376 diiambus,
1070 3292 1443 3361 ditrochaeo
1488 3294 1879 3378 respondeat
1921 3293 2168 3359 ionicus
2213 3312 2255 3357 a
2298 3293 2546 3360 minore

229 3416 505 3465 necesse
551 3402 664 3462 est..
754 3395 887 3464 Sed
933 3396 1008 3461 in*
1047 3396 1400 3463 ionicorum
1446 3416 1488 3462 a
1520 3396 1767 3461 minore
1814 3401 1877 3460 et
1906 3392 2217 3461 trochaici
2262 3392 2549 3479 rhythmi

229 3501 550 3567 mixtione
593 3497 851 3582 accidit,
898 3504 966 3563 ut
1001 3499 1281 3564 ionicum
1328 3518 1454 3564 non
1499 3497 1715 3564 statim
1762 3501 2069 3580 sequatur
2113 3495 2547 3581 ditrochaeuS,

229 3603 352 3670 sed
384 3608 459 3669 ut
489 3600 950 3685 conglutinatio
983 3599 1302 3684 quaedam
1334 3606 1399 3666 et
1428 3600 1717 3666 confusio
1749 3598 1861 3665 fiat
1890 3598 2290 3667 diversorum
2322 3599 2545 3684 rhyth-

228 3725 490 3773 morum
533 3704 715 3788 talis,
772 3709 844 3770 ut
897 3723 940 3770 a
983 3701 1285 3787 rhythmo
1331 3701 2014 3770 choriambo-iambico
2071 3709 2362 3770 mutuata
2406 3722 2548 3771 esse

231 3813 574 3893 appareat.
662 3804 913 3873 Metrici
958 3796 1171 3872 autem
1216 3805 1630 3880 (Heliodorus
1677 3811 1741 3871 et
1770 3805 1942 3872 Juba
1985 3805 2160 3890 apud
2191 3805 2347 3872 Mar.
2381 3806 2546 3873 Vict.

228 3932 296 3996 p.
331 3913 438 3994 93,
474 3914 548 3974 11
584 3910 748 3993 sqq.)
798 3908 1273 3992 quodammodo
1318 3915 1491 3976 recte
1522 3908 1830 3992 dipodiae
1877 3908 2227 3993 superioris
2256 3914 2550 3993 tempora

230 4033 270 4079 e
318 4011 596 4079 subditis
653 4012 963 4095 compleri
1020 4012 1216 4077 aiunt.
1305 4012 1558 4079 Nomen
1613 4017 1827 4078 autem
1883 4017 2086 4079 metro
2130 4011 2547 4078 anaclomeno

231 4114 537 4180 mixtioni
596 4114 693 4179 illi
740 4133 824 4180 ex
868 4115 1080 4181 ionico
1146 4119 1210 4180 et
1265 4114 1585 4182 trochaeis
1645 4114 1766 4181 soli
1826 4114 2140 4195 tribuunt,
2203 4112 2316 4179 sed
2375 4112 2545 4178 idem
