3177 4960
854 349 936 403 De
970 348 1382 404 irrationalitate
1416 347 1598 403 studia
1631 348 1949 419 rhythmica.
2435 348 2470 406 2
2486 348 2564 409 63

248 521 666 607 ἐκβαίνοντες
718 524 950 604 μέντοι
997 523 1117 587 τοῦ
1160 522 1364 587 καλοῦ
1406 519 1654 588 τύπου·
1717 521 1860 588 ἔστι
1906 522 1977 588 δέ
2021 547 2124 601 τις
2166 517 2563 612 Ἀλκμανικὴ

245 630 647 707 καινοτομία
700 624 811 689 καὶ
869 621 1370 710 Στησιχόρειος,
1424 627 1536 691 καὶ
1599 617 1795 691 αὐταὶ
1851 618 1965 691 οὐκ
2010 619 2402 713 ἀφεστῶσαι
2446 630 2567 694 τοῦ

247 729 476 795 καλοῦ.
567 724 817 811 Κρέξος
876 725 947 791 δὲ
1004 728 1113 792 καὶ
1168 725 1509 810 Τιμόθεος
1563 729 1678 793 καὶ
1727 726 2086 806 Φιλόξενος
2144 731 2253 796 καὶ
2316 730 2380 795 οἱ
2423 724 2558 796 κατ’

249 825 497 906 αὖτοὺς
524 826 643 916 τὴν
674 824 938 916 ἡλικίαν
982 827 1324 913 γεγονότες
1360 831 1641 917 ποιηταὶ
1689 829 2171 918 φορτικώτεροι
2210 835 2323 898 καὶ
2370 831 2566 919 φιλό-

248 958 473 1001 καινοι
529 929 870 1016 γεγόνασι,
930 928 1047 997 τὸν
1109 931 1279 1014 (fort.
1325 930 1426 1010 τὸ)
1489 931 1988 1018 φιλάνθρωπον
2029 936 2144 999 καὶ
2199 933 2567 1017 θεματικὸν

250 1040 364 1103 νῦν
395 1031 887 1118 ὀνομαζόμενον
921 1030 1198 1118 [τρόπον
1228 1034 1378 1101 add.
1412 1034 1739 1119 Scheibel,
1776 1036 2157 1121 Volkmann,
2206 1035 2564 1124 Westphal]

249 1137 640 1215 διώξαντες·
689 1134 807 1223 τὴν
853 1134 978 1220 γὰρ
1011 1128 1474 1221 ὀλιγοχορδίαν
1504 1138 1617 1202 καὶ
1648 1135 1765 1225 τὴν
1813 1133 2162 1225 ἁπλότητα
2191 1140 2309 1224 τῆς
2339 1161 2566 1222 μουσι-

248 1244 365 1327 κῆς
427 1240 773 1315 παντελῶς
833 1230 1148 1323 ἀρχαϊκὴν
1209 1234 1382 1304 εἶναι
1429 1238 1853 1327 συμβέβηκεν.
1942 1241 2254 1308 Similiter
2298 1243 2566 1327 Dionys.

255 1346 407 1411 Hal.
442 1344 524 1411 de
557 1362 764 1426 comp.
798 1343 974 1409 verb.
1007 1362 1071 1426 p.
1105 1345 1217 1407 131
1247 1344 1353 1408 R.:
1387 1348 1448 1407 οἳ
1480 1342 1553 1407 δέ
1581 1366 1656 1427 γε
1687 1340 2268 1427 διθυραμβοποιοὶ
2302 1394 2566 1411 ......

251 1449 362 1513 καὶ
411 1458 555 1522 τοῖς
612 1444 903 1531 ῥυθμοῖς
945 1441 1115 1509 κατὰ
1161 1442 1417 1530 πολλὴν
1466 1441 1697 1512 ἄδειαν
1753 1443 2314 1525 ἐνεξουσιάζοντες
2360 1446 2570 1513 διετέ-

253 1552 443 1628 λουν,
510 1546 580 1612 οἵ
618 1570 691 1631 γε
738 1543 814 1631 δὴ
863 1543 1031 1611 κατὰ
1085 1545 1448 1624 Φιλόξενον
1492 1549 1606 1613 καὶ
1660 1541 2001 1630 Τιμόθεον
2046 1550 2156 1614 καὶ
2211 1550 2569 1636 Τελέστην·

253 1651 405 1719 ἐπεὶ
465 1648 653 1734 παρά
712 1673 785 1734 γε
849 1660 992 1725 τοῖς
1059 1642 1364 1734 ἄρχαίοις
1428 1652 1823 1734 τεταγμένος
1881 1634 1963 1737 ἦν
2021 1645 2054 1716 ό
2128 1650 2570 1735 διθύραμβος.

251 1756 638 1837 Quicunque
694 1754 890 1836 igitur
946 1758 1178 1837 poetae
1225 1752 1379 1819 olim
1426 1752 1679 1835 aliquid
1736 1755 1802 1818 in
1858 1752 2176 1837 rhythmis
2236 1761 2573 1836 novarunt,

253 1879 387 1925 non
432 1857 842 1923 decesserunt
870 1875 911 1919 a
939 1855 1037 1938 τῷ
1067 1854 1249 1937 καλῷ
1286 1851 1478 1939 τύπῳ
1510 1855 1647 1923 scil.
1681 1856 1796 1941 τῆς
1841 1853 2323 1940 ῥυθμοποιίας.
2412 1857 2576 1923 Sunt

252 1968 473 2028 autem
497 1964 729 2043 poetae
753 1958 1000 2041 primae
1024 1963 1089 2023 et
1113 1956 1437 2024 secundae
1468 1955 1941 2034 καταστάσεως
1968 1960 2011 2037 ¹)
2043 1960 2121 2036 (c.
2140 1963 2224 2025 9a
2237 1958 2572 2043 Westph.),

257 2064 491 2147 quibus
544 2060 990 2127 adscribuntur
1049 2065 1307 2144 praeter
1349 2062 1737 2127 vetustiores
1782 2062 1862 2139 (c.
1896 2065 1971 2125 21
2011 2068 2074 2128 et
2110 2064 2210 2139 18)
2257 2062 2574 2129 Pindarus

250 2171 335 2245 (c.
372 2169 509 2246 31),
567 2161 932 2229 Simonides
989 2160 1069 2244 (c.
1105 2164 1231 2240 20),
1277 2163 1641 2247 Aeschylus
1689 2168 1753 2230 et
1799 2163 2202 2248 Phrynichus
2260 2164 2572 2248 (ibidem),

255 2269 592 2350 LampruS‚
655 2265 947 2331 Pratinas
1010 2267 1086 2343 (c.
1123 2264 1265 2348 31);
1330 2264 1688 2349 Sophocles
1750 2285 1903 2333 vero
1951 2273 2016 2333 et
2058 2267 2403 2351 Euripides
2448 2288 2575 2334 non

256 2372 434 2437 item.
483 2369 705 2435 Tertia
733 2375 946 2434 autem
981 2368 1083 2444 (cf.
1118 2389 1172 2434 c.
1199 2369 1262 2445 6)
1292 2367 1518 2451 incipit
1545 2368 1700 2434 inde
1730 2388 1772 2434 a
1802 2366 2131 2452 Phrynide
2162 2370 2572 2454 Mytilenan,

255 2474 369 2559 qui
416 2477 708 2538 narratur
758 2468 981 2549 (schol.
1015 2471 1123 2536 Ar.
1157 2471 1324 2536 Nub.
1357 2474 1506 2547 971)
1552 2471 1793 2555 primus
1837 2471 2073 2537 vicisse
2118 2471 2575 2539 Panathenaea

259 2574 624 2644 citharodia
683 2569 803 2638 ἐπὶ
862 2572 1161 2639 Καλλίου
1220 2565 1535 2656 ἄρχοντος
1591 2571 1720 2655 (Ol.
1755 2574 2046 2656 81,1=-
2075 2576 2287 2653 45615).
2379 2574 2574 2642 Cuius

253 2679 493 2747 aetatis
548 2677 866 2744 antistites
926 2683 1073 2743 sunt
1130 2676 1408 2759 Orexus‚
1478 2675 1890 2761 Timotheus,
1960 2675 2376 2745 Philoxenus.
2483 2679 2576 2745 Ac

259 2780 569 2865 quoniam
600 2778 992 2862 Sophoclem
1040 2785 1104 2844 et
1148 2778 1524 2862 Euripidem
1573 2779 1827 2844 illorum
1873 2784 2153 2845 aetatem
2197 2799 2325 2845 non
2370 2781 2578 2847 solum

258 2884 557 2967 attigisse
590 2883 846 2964 scimus,
895 2881 1011 2948 sed
1045 2882 1401 2947 etiamtum
1447 2881 1629 2946 illum
1676 2880 1838 2948 duas
1884 2888 2076 2964 certe,
2124 2879 2294 2949 hunc
2338 2884 2578 2966 pleras-

262 3007 388 3071 que
434 2985 833 3067 fabularum,
880 3003 1047 3066 quae
1094 2988 1458 3068 supersunt,
1503 2983 1980 3068 conscripsisse,
2029 2990 2093 3051 et
2138 3004 2282 3052 cum
2327 3006 2408 3053 ne
2453 2987 2579 3052 sibi

260 3087 529 3172 quidem
574 3088 748 3170 ipsos
795 3087 1154 3153 constitisse
1215 3087 1279 3151 in
1324 3084 1769 3170 rhythmorum
1827 3086 2103 3154 licentiis
2162 3087 2578 3155 admittendis

260 3196 545 3268 constet,
614 3188 879 3255 dubium
939 3195 1065 3274 est,
1131 3194 1342 3255 utrum
1401 3189 1461 3255 ei
1521 3190 1647 3273 ipsi
1703 3185 1870 3253 κατὰ
1928 3186 2050 3263 τὰς
2116 3188 2580 3274 ῥυθμοποιίας

262 3292 483 3359 ἱκανοὶ
544 3311 798 3375 semper
856 3292 1079 3374 utique
1137 3291 1264 3357 sint
1329 3291 1795 3375 existumandi,
1854 3311 1937 3356 an
1982 3291 2303 3357 communi
2348 3293 2579 3360 aetatis

260 3398 436 3463 illius
462 3395 674 3462 studio
699 3395 1003 3461 novitatis
1029 3393 1204 3461 ducti
1230 3395 1491 3461 easdem
1514 3394 1806 3460 licentias
1831 3394 2314 3479 capessiverint,
2347 3395 2580 3478 quibus

266 3497 729 3582 dithyrambici
787 3497 883 3561 illi
942 3498 1427 3578 praeiverant.2)
1534 3495 1816 3574 Quorum
1871 3497 2251 3563 novationes
2311 3498 2579 3582 inerant,

448 3700 494 3762 1)
531 3695 579 3750 E
608 3697 847 3751 secunda
872 3700 1053 3751 autem
1080 3700 1261 3752 aetate
1285 3697 1634 3751 nominantur
1657 3696 1828 3751 eidem
1852 3699 2061 3764 poetae,
2099 3697 2192 3765 qui
2216 3704 2379 3753 antea
2402 3702 2578 3769 (capp.

268 3788 297 3837 8
322 3787 378 3837 et
405 3785 626 3846 9-10),
674 3783 729 3834 et
775 3781 821 3835 si
857 3781 1040 3851 capita
1076 3786 1243 3837 3——10
1292 3797 1359 3836 ex
1393 3780 1697 3836 Heraclidis
1743 3780 1957 3836 Pontici
2001 3782 2230 3836 maxime
2278 3783 2443 3849 libro,
2491 3784 2582 3851 qui

267 3867 564 3935 inscriptus
602 3869 720 3920 erat
757 3861 1054 3939 συναγωγὴ
1094 3870 1213 3923 τῶν
1248 3863 1311 3922 ἐν
1343 3869 1606 3937 μουσικῇ,
1643 3865 1902 3935 decerpta
1937 3869 2066 3922 sunt
2102 3866 2424 3936 (Westphal.
2451 3868 2579 3922 edit.

269 3966 401 4007 suae
427 3969 482 4021 p.
512 3953 611 4016 25),
648 3950 782 4004 illud
818 3952 883 4006 de
908 3951 1320 4021 rhythmopoeio.
1342 3953 1552 4006 mutata
1577 3955 1743 4019 caput
1778 3954 1882 4018 (12)
1920 3952 2137 4007 fluxisse
2163 3958 2582 4008 consentaneum

269 4040 352 4091 est
375 4051 446 4091 ex
471 4035 660 4092 eodem
694 4040 920 4092 auctore
956 4052 1065 4092 non
1091 4035 1457 4105 despiciendo,

450 4125 501 4187 2)
540 4121 624 4176 De
661 4121 929 4191 Sophocle
967 4121 1180 4190 quidem
1216 4121 1579 4178 Aristoxenus
1618 4125 1803 4179 noster
1839 4123 1968 4190 (vita
1993 4122 2156 4191 Soph.
2184 4137 2431 4190 anonym.
2457 4123 2490 4190 ξ
2517 4125 2580 4176 23
