3177 4960
524 368 648 428 296
1479 367 1641 435 nugo
1676 367 1870 423 Jusatz

527 546 624 609 13.
658 545 755 608 37.
788 544 887 607 85.
914 542 1039 623 93.,
1070 541 1178 607 Ist.
1206 539 1330 607 VII
1352 544 1454 607 26.
1484 543 1583 606 36.
1612 542 1712 606 56.
1740 542 1842 605 66.
1890 540 1961 605 111
1988 538 2337 607 eorundem
2363 558 2520 607 vero
2547 545 2854 623 quattuor

524 645 776 710 illorum
812 643 1162 710 carminum
1192 643 1395 710 tribus
1426 643 1809 728 glyconeum
1845 643 1908 707 in
1934 640 2186 727 periodi
2218 642 2536 726 principio
2565 643 2852 726 positum

520 747 748 831 incipit
791 766 833 811 a
887 745 1085 812 verbo
1129 744 1507 829 spondaico:
1566 744 1668 812 Ol.
1712 745 1812 811 IX
1847 749 1956 810 14:
2000 743 2264 818 κλεινᾶς
2295 741 2317 824 ΙΙ
2351 739 2423 820 ἐξ
2456 734 2848 821 Ὀπόεντος,

528 845 835 933 αἰνήσαις
882 852 947 912 et
988 867 1094 913 vv.
1131 850 1231 912 42.
1266 850 1367 912 43.
1417 850 1515 913 59.
1565 849 1666 912 60.
1706 850 1809 912 69.
1858 849 1956 912 73.
1994 846 2094 912 88.
2143 848 2258 928 89,
2317 846 2504 912 Ν6111.
2552 846 2617 911 Π
2649 847 2707 911 8.
2744 848 2853 930 13,

522 950 632 1016 Ist.
664 949 756 1016 VI
787 952 888 1015 22.
963 947 1151 1017 Adde
1183 946 1308 1016 huc
1331 949 1687 1016 membrum
1715 947 2414 1033 pseudologaoedicum
2447 948 2511 1013 in
2537 947 2848 1032 strophae

526 1049 1089 1134 dactyloepitritae
1133 1051 1315 1116 initio
1345 1051 1627 1135 positum
1656 1051 1841 1117 Nem.
1874 1049 2029 1116 VIII
2060 1056 2169 1116 str.
2209 1054 2263 1131 1,
2311 1055 2378 1115 et
2406 1049 2524 1132 frg.
2561 1052 2642 1111 72
2673 1049 2847 1133 ng.

698 1151 826 1219 Gur
882 1158 1097 1219 autem
1152 1153 1318 1236 legis
1364 1153 1800 1220 Porsonianae
1859 1153 2038 1220 varie
2097 1153 2378 1219 violatae
2433 1153 2735 1237 exempla
2775 1153 2850 1217 in

529 1259 828 1340 quattuor
872 1255 1004 1321 illis
1050 1255 1347 1339 epiniciis
1391 1254 2027 1340 pseudologaoedico
2084 1260 2285 1321 metro
2333 1254 2707 1338 compositis
2750 1255 2853 1319 in-

529 1358 889 1441 veniantur,
934 1377 976 1423 a
1019 1358 1249 1424 ceteris
1294 1378 1450 1425 vero
1496 1358 1729 1441 absint,
1789 1356 1873 1424 de
1920 1376 1996 1424 eo
2037 1357 2233 1424 liceat
2277 1357 2709 1423 coniecturam
2751 1357 2849 1421 fa-

528 1480 693 1527 cere.
784 1458 1048 1526 Scilicet
1104 1461 1493 1544 63111111111111,
1554 1462 1619 1525 in
1677 1461 1911 1544 quibus
1969 1461 2079 1526 lex
2136 1459 2535 1526 Porsoniana
2593 1478 2853 1542 semper

529 1569 841 1641 servatur,
886 1564 1199 1647 pleraque
1229 1563 1446 1647 pueris
1492 1570 1641 1630 sunt
1676 1562 1980 1630 dedicata
2024 1560 2151 1645 (01.
2184 1561 2359 1644 XIV,
2393 1561 2510 1644 Py.
2542 1561 2625 1644 X,
2657 1561 2849 1627 Nem.

531 1664 643 1741 IV)
690 1672 887 1750 atque
933 1670 1191 1732 cantata
1236 1665 1599 1749 saltataque
1646 1686 1687 1731 a
1716 1666 1933 1749 pueris
1977 1664 2357 1748 aequalibus
2406 1663 2730 1749 (excepto,
2774 1670 2855 1729 ut

529 1767 817 1852 videtur,
877 1788 1069 1835 carm.
1105 1768 1222 1851 Py.
1254 1767 1338 1848 X,
1385 1769 1495 1835 ubi
1541 1788 1602 1833 v.
1631 1770 1698 1833 6:
1768 1757 2025 1852 ἀνδρῶν
2079 1762 2321 1830 κλυτὰν
2380 1758 2579 1846 ὅπα),
2651 1787 2853 1833 unum

531 1869 745 1953 (Nem.
776 1871 898 1947 III)
941 1872 1238 1954 quamvis
1271 1870 1517 1938 homini
1549 1871 1789 1937 seniori
1813 1870 2271 1953 transmissum,
2317 1874 2532 1936 tamen
2562 1891 2603 1936 a
2624 1871 2848 1954 pueris

533 1977 854 2039 cantatum
901 1973 1006 2049 (cf.
1039 1993 1143 2039 vv.
1174 1977 1213 2036 5
1246 1978 1311 2038 et
1341 1975 1465 2050 66).
1555 1973 1728 2040 Viris
1758 1978 1975 2039 autem
2021 1978 2168 2039 sunt
2197 1970 2500 2038 dedicata
2545 1978 2851 2056 quattuor

530 2074 647 2140 illa
692 2074 977 2141 carmina
1017 2072 1117 2141 01.
1150 2074 1267 2158 IX,
1315 2074 1432 2158 Py.
1464 2075 1548 2158 H,
1594 2075 1778 2141 Nem.
1812 2076 1896 2160 H,
1942 2076 2051 2142 Ist.
2087 2073 2173 2140 VI
2218 2080 2284 2141 et
2327 2094 2369 2141 a
2411 2075 2567 2141 viris
2613 2076 2851 2143 victori

529 2176 911 2259 aequalibus
955 2182 1211 2243 cantata
1255 2182 1319 2243 et
1347 2177 1583 2244 saltata
1628 2196 1769 2244 esse
1813 2177 2103 2261 putanda
2132 2183 2296 2244 sunt.
2386 2176 2686 2244 Fortasse
2732 2198 2851 2244 au·

534 2284 663 2344 tem
709 2278 994 2345 carmina
1051 2299 1092 2344 a
1136 2279 1354 2361 pueris
1409 2277 1740 2346 decantari
1785 2279 2080 2347 solebant
2136 2278 2332 2346 ductu
2376 2278 2689 2346 alacriore
2739 2282 2850 2360 (cf.

535 2379 636 2448 Ol.
669 2380 825 2447 XIV
862 2385 970 2446 17:
1017 2378 1212 2446 τόνδε
1253 2382 1476 2463 κῶμον
1520 2382 1741 2467 κοῦφα
1783 2382 2127 2465 βιβῶντα),
2174 2401 2301 2465 quo
2346 2381 2586 2448 factum
2617 2387 2733 2465 est,
2776 2388 2859 2448 ut

534 2485 789 2569 singula
832 2491 1123 2570 tempora
1168 2491 1382 2552 essent
1423 2486 1779 2552 minoribus
1825 2486 2087 2571 spatiis,
2136 2474 2434 2569 ἀριθμὸς
2476 2492 2692 2551 autem
2737 2486 2849 2552 tri-

536 2606 747 2654 semus
792 2607 921 2653 non
965 2588 1268 2673 excipere
1314 2592 1535 2672 posset
1562 2589 1793 2670 longas
1822 2588 2029 2671 binaS,
2076 2587 2132 2654 si
2163 2585 2289 2654 huc
2318 2587 2659 2655 accederet
2687 2595 2852 2655 tem·

532 2690 709 2774 poris
766 2691 1080 2773 spatium,
1141 2709 1268 2773 quo
1311 2690 1545 2774 longae
1604 2688 2006 2756 dirimuntur.
2097 2688 2168 2754 Si
2213 2709 2369 2756 vero
2428 2710 2470 2755 a
2511 2690 2668 2757 viris
2714 2711 2856 2758 car-

534 2792 711 2857 mina
734 2791 1157 2858 cantabantur
1179 2790 1513 2859 moderata
1541 2791 1920 2876 plerumque
1943 2810 2172 2875 agoge,
2206 2781 2505 2875 ἇριθμὸς
2526 2795 2857 2878 τρίσημος

535 2893 746 2959 minus
789 2912 988 2975 aegre
1018 2893 1389 2977 excipiebat
1416 2895 1647 2976 longas
1690 2893 1851 2960 duas
1883 2894 2178 2976 quamvis
2208 2893 2531 2961 seiunctas
2561 2900 2856 2979 tempore

538 2994 703 3061 inter
733 2993 861 3061 duo
894 2995 1094 3061 verba
1127 2993 1582 3061 intercedente.
1674 2993 1863 3073 Quod
1897 2993 2159 3078 quidem
2206 2995 2273 3062 in
2305 2995 2689 3063 carminibus
2736 2996 2855 3063 da-

535 3097 991 3182 ctyloepitritis
1039 3097 1233 3181 etiam
1263 3098 1470 3180 magis
1516 3098 1907 3181 saepiusque
1953 3117 2070 3163 usu
2101 3098 2357 3164 venisse
2389 3097 2662 3165 videtur.
2753 3099 2856 3166 Ea

537 3200 737 3284 enim,
799 3220 929 3283 qua
972 3206 1154 3267 erant
1199 3200 1551 3284 gravitate,
1611 3220 1729 3267 1183
1773 3206 1918 3267 sunt
1974 3218 2185 3283 agoge
2241 3198 2589 3267 admodum
2642 3200 2852 3285 tarda,

537 3304 744 3371 minus
789 3310 1005 3370 autem
1052 3303 1299 3370 habilia
1339 3303 1557 3387 pueris
1603 3303 1746 3369 visa
1789 3308 1935 3369 sunt
1962 3308 2228 3387 poetae3
2273 3303 2491 3388 pueris
2524 3304 2691 3369 enim
2723 3304 2857 3371 tria

534 3410 777 3471 tantum
825 3425 1063 3490 eorum,
1112 3425 1278 3490 quae
1324 3411 1574 3487 extant,
1622 3403 1925 3499 dedicata
1967 3411 2131 3487 sunt,
2178 3405 2324 3473 aliis
2367 3410 2582 3471 autem
2629 3407 2854 3472 metris

539 3508 896 3591 composita
950 3528 1220 3594 novem,
1282 3528 1426 3575 cum
1484 3508 1644 3574 viris
1691 3512 1963 3574 metrum
2009 3505 2602 3591 dactyloepitritum
2649 3508 2854 3574 multo

537 3610 752 3694 aptius
800 3629 942 3677 esse
988 3610 1317 3678 videretur
1362 3631 1555 3695 quam
1600 3610 1733 3675 alia
1775 3610 2055 3688 (20:12).

710 3711 1120 3778 Probabilem
1153 3713 1347 3795 igitur
1377 3712 1713 3779 statuimus
1746 3729 2024 3794 causam,
2073 3730 2183 3777 cur
2213 3711 2278 3775 in
2308 3711 2526 3778 metris
2558 3710 2857 3795 dactylo-

541 3814 814 3898 epitritis
862 3832 1193 3881 caesuram
1238 3814 1431 3881 modo
1462 3820 1611 3881 ante
1658 3813 1830 3881 arsin
1874 3813 2135 3895 longam
2181 3812 2616 3880 irrationalem
2654 3815 2857 3882 modo

540 3922 688 3999 post
733 3935 874 3982 eam
906 3916 1102 3983 liceat
1142 3935 1382 4000 ponere
1428 3917 1587 3983 locis
1617 3917 1783 3982 inter
1821 3934 1890 3982 se
1921 3912 2477 3998 respondentibus.
2494 3911 2540 3996 ¹)

720 4054 763 4116 1)
799 4049 1131 4119 Quamquam
1167 4049 1224 4104 in
1251 4048 1461 4103 duobus
1501 4046 1832 4102 carminibus
1868 4046 2320 4118 dactyloepitritis
2357 4046 2426 4101 ad
2449 4062 2647 4117 pueros
2672 4049 2859 4105 missis

539 4166 605 4174 —
641 4133 859 4190 tertium
896 4133 1035 4189 enim
1060 4133 1140 4190 01.
1169 4133 1248 4188 XI
1286 4131 1472 4188 cantui
1495 4147 1607 4188 non
1634 4131 1957 4188 destinatum
1992 4146 2113 4187 esse
2141 4131 2368 4198 videtur,
2406 4147 2510 4201 quo
2535 4132 2622 4188 lex
2647 4133 2857 4189 Porso-
