3177 4960
581 336 617 393 2
628 337 656 394 1
668 337 703 393 2
1538 334 1695 402 Hugo
1730 334 1917 388 Jusatz

581 530 770 588 σεων,
816 505 890 572 τὸ
943 499 998 572 δ’
1049 501 1226 581 εἶδος
1270 507 1388 569 τοῦ
1431 503 1871 590 τετραχόρδου
1915 495 2153 581 ταῦτό,
2214 496 2309 570 δι’
2364 501 2531 587 ὅπερ
2577 504 2688 568 καὶ
2732 501 2890 580 τούς

579 612 712 675 τῶν
766 606 1236 694 διαστημάτων
1281 603 1477 690 ὅρους
1522 601 1879 690 ἀναγκαῖον
1925 603 2142 671 εἰπεῖν
2188 603 2343 682 τοὺς
2375 597 2631 682 αὐτούς.
2723 606 2886 672 Gon-

582 714 776 780 cessit
833 711 1028 796 igitur
1085 711 1395 792 musione,
1464 731 1595 793 qua
1646 712 1787 794 ipse
1845 715 2127 776 uteretur
2185 708 2586 775 enharmonii
2630 710 2888 792 generis

581 814 1038 895 modulatione,
1087 833 1227 879 eam
1275 833 1402 878 non
1447 814 1701 879 unicam
1745 832 1905 896 esse,
1954 812 2068 877 sed
2115 813 2220 877 vel
2267 812 2461 877 aliam
2509 831 2672 894 esse,
2720 831 2889 894 quae

582 918 646 982 in
692 917 864 983 idem
911 935 1112 1000 genus
1159 914 1437 981 caderet.
1525 914 1801 982 Lichani
1829 920 2042 981 autem
2088 913 2545 980 enharmoniae
2591 913 2891 979 dicuntur

584 1027 647 1085 et
689 1018 1018 1102 lichanus,
1078 1038 1245 1101 quae
1290 1017 1511 1083 ditono
1562 1018 1761 1084 distat
1802 1039 1844 1083 a
1886 1036 2063 1083 mese
2108 1021 2174 1082 et
2217 1036 2297 1083 ea
2339 1015 2668 1098 lichanus,
2723 1035 2892 1099 quae

581 1124 776 1205 paulo
829 1123 1076 1188 acutior
1135 1127 1232 1187 est
1277 1127 1342 1186 et
1384 1121 1706 1186 invenitur
1748 1122 1813 1185 in
1858 1118 2267 1186 tetrachordo
2314 1117 2728 1185 enharmonio
2774 1119 2891 1184 illo

582 1224 958 1306 irrationali,
1007 1243 1134 1307 quo
1170 1242 1320 1288 usos
1366 1242 1508 1288 esse
1539 1223 1848 1305 aequales
1886 1228 2344 1288 commemorat
2386 1222 2676 1303 pluribus
2706 1221 2891 1303 lociS,

583 1326 848 1408 quibus,
906 1325 1079 1408 quod
1138 1322 1400 1387 δίτονον
1456 1325 1862 1406 scripsimus,
1916 1324 2239 1406 probatur.
2329 1323 2401 1388 P.
2436 1325 2534 1398 36,
2569 1325 2650 1386 33
2680 1323 2892 1406 qu.:

585 1427 651 1491 οἱ
694 1426 816 1509 μὲν
859 1424 986 1511 γὰρ
1035 1420 1230 1491 ἄλλοι
1275 1425 1714 1512 διαφέρονται
1762 1427 1919 1508 περὶ
1967 1422 2418 1510 διαστήματος
2461 1422 2698 1507 μόνον,
2747 1422 2894 1490 οἶον

586 1526 873 1611 πότερον
906 1527 1169 1606 δίτονός
1201 1526 1382 1593 ἐστιν
1411 1522 1451 1615 ἦ
1486 1526 1753 1610 λιχανὸς
1782 1517 1824 1615 ἢ
1857 1531 2329 1610 συντονωτέρα,
2378 1522 2469 1602 ὥς
2496 1529 2659 1609 μιᾶς
2689 1520 2894 1613 οὔσης

584 1628 976 1715 ἐναρμονίου
1021 1660 1106 1682 =
1150 1633 1315 1698 inter
1367 1651 1436 1698 se
1481 1637 1802 1716 pugnant,
1859 1637 2066 1696 utrum
2121 1630 2415 1696 lichanus
2474 1631 2897 1696 enharmonia

583 1735 668 1799 sit
711 1754 808 1816 ea,
854 1754 1019 1817 quae
1065 1734 1285 1800 ditono
1331 1755 1372 1798 a
1416 1753 1594 1801 mese
1640 1733 1853 1811 distet,
1900 1753 1981 1798 an
2028 1753 2108 1798 ea
2136 1752 2304 1816 quae
2349 1733 2432 1798 sit
2475 1733 2592 1797 illa
2625 1733 2892 1815 acutior,

585 1837 771 1919 quasi
801 1855 958 1903 vero
988 1856 1119 1900 una
1146 1842 1392 1901 tantum
1424 1842 1601 1901 extet
1630 1835 1923 1901 lichanus
1956 1835 2393 1900 enharmonia.
2427 1869 2506 1878 —
2540 1835 2611 1900 P.
2646 1838 2748 1917 32,
2787 1837 2893 1899 10:

587 1936 652 2000 οἱ
683 1934 804 2018 μὲν
847 1932 975 2021 γὰρ
1019 1938 1105 2022 τῇ
1136 1938 1249 2000 νῦν
1295 1934 1655 2022 κατεχούσῃ
1700 1937 2071 2022 μελοποιίᾳ
2116 1934 2434 2023 συνήθεις
2469 1933 2675 2017 μόνον
2707 1929 2895 2012 ὄντες

586 2035 859 2113 εἰκότως
902 2035 1021 2125 τὴν
1068 2036 1330 2102 δίτονον
1387 2036 1655 2119 λιχανὸν
1707 2035 2144 2122 ἕξορίζουσιν·
2206 2041 2723 2123 συντονωτέροις
2766 2035 2894 2121 γὰρ

587 2142 748 2220 (scil.
812 2142 1105 2221 λιχανοῖς
1163 2138 1605 2223 ἐναρμονίοις)
1655 2142 1951 2225 χρῶνται
2008 2137 2239 2222 σχεδὸν
2298 2139 2365 2205 οἱ
2408 2141 2723 2206 πλεῖστοι
2764 2142 2897 2205 τῶν

588 2245 733 2306 νῦν·
784 2291 998 2307 .....
1046 2238 1209 2307 ὅταν
1256 2234 1313 2306 δ’
1365 2234 1746 2329 ἇφίκωνταί
1788 2266 1956 2307 ποτε
2004 2241 2099 2319 εἷς
2144 2240 2261 2330 τὴν
2310 2237 2663 2328 ἁρμονίαν,
2712 2240 2898 2328 ἐγγίς

585 2346 705 2410 τοῦ
759 2342 1110 2428 χρώματος
1169 2342 1515 2429 ἐπάγουσι.
1604 2347 1742 2413 Nec
1785 2368 1916 2413 non
1960 2367 2022 2431 p.
2057 2351 2158 2429 40,
2198 2352 2263 2430 1,
2324 2347 2433 2412 ubi
2480 2346 2654 2429 dicit,
2705 2348 2896 2413 inter-

587 2450 828 2515 vallum
890 2450 1054 2515 inter
1110 2447 1433 2515 lichanum
1495 2454 1561 2516 et
1604 2469 1824 2517 mesen
1882 2450 1949 2515 in
2006 2469 2241 2534 genere
2288 2448 2707 2516 enharmonio
2753 2470 2898 2517 esse

584 2546 735 2637 ἤτοι
760 2543 1219 2616 ὀκταπλάσιον
1242 2553 1360 2638 τῆς
1384 2550 1733 2638 ἐλαχίστης
1761 2551 2035 2627 διέσεως
2057 2540 2098 2638 ἢ
2121 2553 2336 2637 μικρῷ
2358 2577 2494 2618 τινι
2515 2554 2629 2618 καὶ
2649 2576 2900 2618 παντε-

590 2654 721 2731 λῶς
748 2647 1156 2739 ἆμελῳδήτῳ
1181 2651 1476 2720 ἔλαττον.
1523 2655 1740 2722 Verba
1762 2657 1993 2721 ultima
2015 2655 2455 2741 Westphalius
2478 2655 2648 2734 (Rh.³
2664 2677 2729 2740 p.
2753 2661 2896 2732 143)

587 2759 831 2823 rettulit
875 2756 958 2821 ad
1005 2755 1267 2822 chroma
1312 2759 1528 2823 molle.
1620 2760 1706 2823 At
1736 2757 2218 2824 enharmoniam
2265 2758 2589 2841 quandam
2632 2760 2897 2827 chroam

590 2859 685 2924 eis
732 2877 987 2940 quoque
1032 2856 1380 2940 significari
1427 2879 1569 2925 cum
1617 2866 1927 2926 testantur
1958 2862 2154 2927 ceteri
2199 2861 2325 2927 loci
2354 2867 2489 2927 tum
2519 2868 2689 2929 totus
2718 2864 2898 2929 locus

589 2961 750 3044 ipse,
798 2979 989 3042 quem
1036 2961 1402 3027 exscribere
1448 2962 1728 3044 longum.

759 3062 1182 3129 Aristoxenus
1227 3063 1423 3145 igitur
1466 3063 1626 3129 dicit
1668 3065 1976 3147 aequales
2019 3085 2169 3131 suos
2214 3064 2524 3131 adhibere
2568 3064 2895 3131 lichanum

588 3165 938 3231 acutiorem
1001 3163 1421 3231 enharmonia
1463 3166 1795 3249 rationali,
1856 3185 2023 3249 quae
2080 3167 2279 3233 distat
2334 3167 2555 3234 ditono
2613 3187 2654 3232 a
2696 3188 2895 3233 mese.

586 3268 764 3334 Mese
794 3274 1028 3343 autem,
1074 3268 1316 3352 quippe
1361 3289 1403 3334 a
1431 3287 1561 3351 qua
1605 3268 1927 3350 profectus
1972 3267 2211 3334 lichani
2255 3269 2662 3335 intervallum
2695 3269 2897 3336 dime-

589 3371 816 3452 tiatur,
878 3371 1003 3435 sibi
1051 3377 1343 3436 constare
1388 3369 1602 3436 debet.
1692 3370 1989 3436 Pluribus
2033 3377 2247 3437 autem
2294 3372 2453 3438 locis
2510 3376 2595 3456 (p.
2630 3375 2733 3455 40,
2778 3375 2896 3453 203

593 3472 691 3553 78,
729 3473 839 3554 133
885 3474 988 3550 90,
1025 3475 1138 3554 173
1185 3476 1288 3555 92,
1320 3473 1426 3550 23)
1472 3470 1631 3538 dicit
1676 3491 1818 3538 esse
1864 3468 2145 3553 ἐκμελὲς,
2192 3474 2233 3537 i.
2268 3492 2322 3539 e.
2368 3494 2411 3538 a
2452 3474 2706 3556 legibus
2752 3474 2896 3540 har-

591 3573 860 3639 monicis
919 3574 1201 3638 alienum
1262 3581 1326 3639 et
1369 3581 1715 3659 propterea
1769 3575 1852 3639 ab
1914 3594 2030 3640 usu
2086 3575 2373 3657 legitimo
2420 3576 2783 3657 exclusum,
2839 3578 2897 3642 si

594 3671 657 3738 οἱ
702 3675 1009 3757 τέταρτοι
1057 3671 1354 3759 φθόγγοι
1397 3676 1495 3759 τῷ
1542 3671 1655 3739 διὰ
1702 3673 2045 3759 τεσσάρων
2088 3696 2216 3742 non
2252 3677 2607 3742 concinant.
2697 3678 2898 3761 Atqui

589 3776 1012 3841 Aristoxenus
1070 3776 1533 3842 irrationalium
1603 3778 2083 3843 intervallorum
2144 3782 2692 3861 systematumque
2750 3799 2898 3863 pro-

589 3879 800 3962 prium
845 3897 1048 3961 genus
1095 3884 1267 3944 certe
1311 3899 1438 3944 non
1483 3879 1632 3946 ideo
1680 3880 1930 3960 statuit,
1986 3887 2056 3945 ut
2100 3899 2136 3946 e
2183 3879 2475 3946 doctrina
2518 3900 2635 3946 sua
2679 3881 2899 3946 statim

591 3979 981 4045 excluderet.
1083 3980 1311 4063 Neque
1371 3981 1539 4046 enim
1598 3982 2151 4063 intellegeremus,
2216 4002 2326 4047 cur
2385 3981 2466 4047 de
2523 3982 2898 4064 regionibus

588 4102 889 4148 sonorum
936 4082 1270 4147 mobilium
1318 4091 1449 4148 tam
1479 4083 1672 4166 plene
1717 4088 1911 4166 atque
1956 4087 2251 4149 accurate
2286 4082 2632 4149 dissereret
2674 4103 2755 4149 ac
2785 4105 2901 4150 cur
