3177 4960
658 328 779 386 268
1612 329 1770 397 Hugo
1805 328 1994 384 Jusatz

657 502 1078 568 intermittere
1122 499 1439 566 videatur.
1529 501 1632 566 Ex
1676 521 1803 584 quo
1861 508 2149 586 tempore
2206 502 2372 567 inter
2430 521 2655 569 versus
2704 503 2970 571 interce·

658 605 849 670 dente
893 609 1341 686 augmentum,
1390 602 1562 686 quod
1609 604 1733 669 sibi
1780 603 2069 672 vindicat
2111 609 2502 687 anapaestus
2547 605 2659 672 ille
2706 607 2969 691 primus,

656 707 927 790 petitum
994 724 1135 771 esse
1194 705 1547 788 putandum
1607 712 1721 772 est.
1834 705 2240 791 Quapropter
2296 726 2424 773 non
2483 727 2644 791 opus
2713 709 2835 774 erit
2893 709 2971 777 de

656 809 992 892 anapaesti
1023 806 1293 892 syllabis
1338 807 1687 891 quidquam
1722 807 2082 892 detrahere,
2130 828 2351 876 verum
2403 809 2785 876 obtinebunt
2827 831 2967 897 spa·

659 911 815 976 tium
846 916 1275 977 tetrasemum.
1352 909 1534 988 Quae
1564 911 1619 977 si
1650 910 1742 976 ita
1772 930 1842 977 se
1875 910 2133 993 habent,
2180 911 2469 978 trimetra
2499 912 2580 978 ab
2612 920 2968 997 anapaesto

657 1014 1030 1098 incipientia
1074 1033 1200 1080 non
1243 1012 1328 1079 ad
1374 1019 1577 1080 metra
1624 1004 2142 1097 ἆπεμφαίνοντα
2187 1014 2371 1080 erunt
2414 1013 2799 1098 deleganda.

828 1117 899 1183 Si
945 1119 1140 1201 igitur
1185 1117 1370 1183 metri
1417 1122 1709 1200 tempora
1753 1117 2030 1200 primum
2078 1121 2142 1182 et
2191 1117 2484 1182 ultimum
2529 1116 2833 1201 rhythmo
2878 1119 2968 1185 le-

656 1221 880 1304 gitImo
917 1241 1045 1286 non
1076 1225 1220 1286 sunt
1251 1218 1557 1303 subiecta,
1606 1224 1739 1284 tum
1772 1237 1851 1284 ea
1881 1217 2166 1302 rhythmi
2196 1220 2518 1302 materies,
2565 1239 2734 1303 quae
2764 1221 2970 1304 primo

658 1329 722 1389 et
764 1324 988 1389 ultImo
1032 1322 1217 1389 metri
1264 1322 1393 1388 ictu
1425 1322 1818 1403 terminatur,
1868 1322 2146 1405 spatium
2178 1322 2547 1389 universum
2578 1342 2764 1404 suum
2809 1323 2969 1406 legi-

658 1426 880 1491 timum
925 1446 1052 1491 non
1098 1425 1401 1507 mutabit;
1461 1424 1641 1490 velut
1698 1425 1861 1489 inter
1919 1425 2191 1505 primum
2253 1430 2316 1490 et
2360 1425 2646 1491 ultimum
2697 1428 2970 1495 trimetri

656 1528 916 1595 iambici
961 1530 1159 1595 ictum
1205 1527 1514 1593 interesse
1559 1524 1890 1592 debebunt
1932 1544 2150 1593 morae
2197 1526 2586 1610 quindecim.

1587 1848 1897 1942 CAPUT*
1921 1849 2036 1914 xl.

1099 1983 1217 2062 De
1268 1985 1548 2068 sedium
1609 1985 2142 2060 irrationalium
2197 1982 2510 2061 indiciis.

828 2143 1137 2209 Constare
1182 2146 1395 2205 autem
1428 2141 1767 2206 statuimus
1812 2139 2035 2206 sedem
2077 2138 2606 2223 irrationalitatis,
2654 2147 2972 2224 quatenus

654 2244 739 2310 ad
785 2245 956 2311 arsin
1002 2249 1281 2328 spectet,
1336 2243 1428 2308 ita
1470 2240 1853 2326 significari,
1912 2248 1983 2307 ut
2025 2242 2221 2324 arsis,
2282 2261 2472 2324 quam
2517 2242 2780 2311 brevem
2826 2263 2973 2313 esse

654 2345 992 2431 rhythmus
1047 2346 1374 2429 legitimus
1419 2345 1732 2427 postulet,
1792 2344 2050 2427 longam
2097 2344 2401 2429 excipiat.
2493 2343 2678 2422 Quod
2736 2346 2830 2413 ita
2874 2348 2972 2413 in-

652 2450 872 2534 tellegi
918 2449 1136 2532 velim,
1182 2454 1252 2514 ut
1296 2447 1433 2514 eius
1478 2448 1643 2514 arsis
1688 2446 1965 2531 spatium
2012 2446 2136 2515 sibi
2181 2467 2308 2514 non
2353 2453 2645 2516 constare
2689 2455 2971 2536 putetur,

653 2573 874 2620 verum
922 2555 977 2620 si
1022 2554 1219 2635 longa
1263 2551 1673 2635 exprimitur,
1733 2550 1880 2634 plus
1923 2550 2230 2634 temporis
2292 2550 2419 2617 sibi
2463 2569 2808 2635 usurpare,
2868 2555 2969 2620 sin

653 2657 856 2738 brevi,
903 2657 1133 2736 minus,
1181 2655 1385 2724 ita„ut
1429 2659 1701 2736 utraque
1747 2652 2124 2719 condicione
2170 2654 2253 2719 sit
2297 2653 2706 2738 irrationalis,
2752 2661 2970 2722 tamen

654 2764 741 2841 ut,
788 2759 844 2824 si
888 2758 1073 2824 brevi
1118 2775 1426 2839 expressa
1471 2761 1587 2838 est,
1643 2754 1726 2820 ad
1773 2774 2213 2822 monosemum
2258 2756 2539 2839 spatium
2582 2758 2790 2840 possit
2833 2778 2967 2826 cor-

652 2859 780 2942 ripi
826 2865 891 2923 et
934 2857 1181 2924 eisdem
1239 2858 1491 2940 legibus
1535 2859 1664 2940 uti,
1726 2858 1957 2941 quibus
2012 2877 2192 2925 arses
2249 2859 2314 2924 in
2360 2858 2623 2926 sedibus
2678 2859 2764 2926 ad
2811 2860 2962 2926 irra-

654 2961 1080 3027 tionalitatem
1128 2980 1254 3025 non
1299 2960 1757 3027 inclinantibus
1803 2965 2081 3026 utuntur.

824 3062 985 3131 Sunt
1028 3068 1244 3128 autem
1287 3068 1644 3146 praeterea,
1691 3067 1762 3128 ut
1791 3081 1986 3147 supra
2030 3061 2385 3145 docuimus,
2433 3062 2561 3129 duo
2592 3069 2957 3148 praecepta,

651 3167 882 3250 quibus
924 3165 1385 3232 irrationalitas
1429 3165 1627 3230 utitur
1683 3164 1790 3231 vel
1836 3164 2258 3247 cognoscitur.
2348 3164 2634 3231 Primum
2682 3167 2847 3233 enim
2892 3168 2959 3232 in

648 3269 967 3354 rhythmis
1013 3276 1269 3352 tempus
1312 3268 1686 3334 irrationale
1732 3287 1860 3333 non
1905 3266 2200 3334 absolute
2242 3272 2456 3352 potest
2498 3269 2796 3352 existere,
2837 3268 2956 3335 sed

647 3372 1022 3456 producitur
1078 3377 1332 3455 tempus
1377 3391 1573 3455 supra
1628 3388 1994 3437 mensuram
2037 3369 2385 3453 genuinam
2430 3371 2522 3436 ita
2567 3370 2838 3455 demum,
2885 3376 2959 3436 ut

648 3473 919 3538 alterum
966 3480 1218 3556 tempus
1263 3474 1660 3559 corripiatur.
1752 3472 1979 3538 Altera
2020 3477 2234 3539 autem
2276 3471 2391 3539 lex
2436 3478 2551 3558 est,
2597 3494 2681 3542 ne
2711 3480 2955 3557 tempus

647 3575 1050 3657 irrationale,
1098 3578 1397 3658 quoniam
1446 3575 1694 3642 disemo
1739 3576 1950 3642 minus
1996 3580 2127 3658 est,
2185 3576 2473 3641 solvatur
2516 3576 2582 3640 in
2629 3576 2756 3642 duo
2799 3582 2953 3641 tem-

646 3695 825 3760 pora.
916 3678 1202 3743 Tertiam
1246 3679 1478 3762 legem,
1524 3676 1643 3745 sed
1686 3677 1897 3744 minus
1944 3684 2181 3745 certam
2226 3676 2570 3761 postmodo
2617 3696 2948 3762 cognosce·

647 3798 808 3845 mus.
893 3779 1220 3847 Habemus
1265 3781 1475 3863 igitur,
1522 3799 1651 3863 quo
1699 3782 2011 3847 occultam
2059 3780 2635 3864 irrationalitatem‚
2683 3798 2837 3864 quae
2883 3780 2951 3844 in

645 3879 813 3948 thesi
858 3883 1057 3966 inest,
1116 3882 1513 3965 indagemus.
1605 3882 1839 3951 Verum
1882 3883 2062 3966 leges
2106 3882 2253 3950 illas
2298 3902 2414 3966 per
2472 3902 2693 3950 omnes
2734 3879 2950 3965 rhyth-

647 4003 895 4050 morum
926 3990 1400 4067 metrorumque
1428 3984 1668 4052 formas
1713 3986 2018 4070 persequi
2048 3984 2208 4052 mihi
2253 4006 2379 4051 uon
2412 3991 2511 4053 est
2539 3984 2951 4070 propositum.

645 4086 812 4154 Nam
859 4106 1068 4170 neque
1114 4087 1462 4154 solutiones
1508 4093 1640 4154 tam
1674 4088 1938 4156 crebrae
1983 4108 2104 4156 nec
2148 4094 2353 4154 metra
2398 4089 2614 4158 omnia
2655 4094 2778 4156 tam
2817 4087 2953 4152 usi-
