3177 4960
892 393 975 447 De
1010 392 1424 447 irrationalitate
1461 390 1642 446 studia
1675 392 1993 462 rhythmica.
2472 392 2595 450 213

274 567 601 632 infinitum
648 586 790 633 esse
821 586 1153 632 numerum
1202 586 1496 633 sonorum
1536 566 1869 631 mobilium
1914 570 2248 648 tantopere
2280 572 2598 649 premeret

280 671 372 752 (p.
411 672 514 753 36,
551 672 628 733 19
661 689 812 753 sqq3
860 671 962 750 68,
996 671 1110 753 273
1161 672 1303 750 100,
1336 669 1375 732 8
1406 687 1577 751 sqq.;
1627 666 1939 752 Porphyr.
1972 687 2033 750 p.
2068 671 2222 732 255:
2277 668 2434 748 περὶ
2477 669 2596 755 τῆς

277 762 608 853 ἀπειρίας
650 771 784 833 τῶν
828 761 1089 833 τάσεων
1142 768 1484 849 πολλαχοῦ
1530 766 1933 846 διείλεκται).
2021 769 2247 851 Itaque
2292 770 2347 835 si
2393 776 2594 852 syste-

277 883 466 939 mata
507 873 866 939 intervallis
913 874 1388 938 irrationalibus
1438 873 1687 938 utentia
1730 872 2066 957 excepisse
2111 892 2256 937 eum
2301 879 2596 955 putamus

277 977 614 1057 doctrina,
671 976 884 1041 facere
946 996 1073 1041 non
1117 975 1501 1059 poterimus,
1560 976 1715 1057 quin
1761 972 2152 1040 tetrachordi
2197 975 2598 1040 diatessaron

276 1079 568 1162 spatium
634 1078 1109 1143 irrationalibus
1177 1078 1532 1143 intervallis
1601 1097 1727 1142 non
1782 1078 2047 1160 mutari,
2115 1096 2338 1142 verum
2398 1078 2463 1141 in
2520 1096 2596 1142 eo

276 1182 562 1246 alterum
623 1180 1029 1245 intervallum
1092 1185 1268 1245 tanto
1326 1180 1580 1264 augeri,
1643 1185 1880 1262 quanto
1939 1180 2211 1244 alterum
2269 1180 2595 1263 minuitur,

277 1288 607 1367 putemus.
695 1283 922 1365 Itaque
954 1288 1065 1347 aut
1109 1283 1356 1347 acutior
1401 1283 1542 1347 sola
1571 1281 1769 1347 diesis
1814 1281 2113 1363 augenda
2152 1287 2263 1346 aut
2291 1301 2596 1364 augmen-

274 1392 423 1450 tum
481 1386 646 1450 inter
691 1392 1027 1467 utramque
1074 1384 1283 1450 diesin
1342 1404 1461 1468 pro
1506 1390 1649 1450 rata
1691 1391 1874 1467 parte
1921 1384 2434 1450 distribuendum
2480 1393 2596 1450 est.

276 1487 432 1565 Quo
476 1486 577 1570 fit,
638 1493 708 1552 ut
753 1488 944 1554 modo
990 1485 1288 1552 lichanus-
1331 1487 1505 1570 sola,
1553 1487 1745 1552 modo
1791 1493 2060 1570 uterque
2105 1506 2297 1552 sonus
2342 1487 2599 1553 mobilis

280 1592 372 1656 sit
418 1591 825 1656 irrationalis.
915 1590 1142 1655 Totius
1186 1595 1403 1655 autem
1449 1588 1845 1654 tetrachordi
1891 1590 2170 1673 spatium
2206 1609 2333 1654 nec
2369 1591 2598 1655 minui-

280 1700 390 1758 tur
434 1712 642 1776 neque
687 1698 993 1774 augetur;
1040 1692 1095 1756 si
1127 1699 1342 1758 tamen
1373 1691 1630 1774 accidit,
1677 1690 2095 1756 tetrachorda
2137 1691 2292 1756 fient
2339 1689 2596 1776 ἐκμελῆ,

281 1796 469 1861 velut
513 1815 610 1879 ea,
664 1814 830 1879 quae
874 1815 915 1860 a
961 1793 1346 1878 quibusdam
1392 1795 1656 1860 musicis
1700 1793 1997 1859 adhibita
2041 1801 2217 1876 sunt,
2263 1801 2334 1859 ut
2375 1801 2601 1862 auctor

284 1904 390 1963 est
435 1892 855 1964 Aristoxenus
913 1898 1088 1980 apud
1134 1898 1300 1962 Plut.
1346 1897 1429 1963 de
1474 1917 1632 1962 mus.
1681 1918 1734 1962 c.
1769 1900 1875 1962 39:
1934 1897 2045 1960 καὶ
2101 1898 2233 1960 τῶν
2291 1893 2599 1961 ἑστώτων

280 1997 477 2076 τινὰς
509 2001 884 2083 παρανιᾶσι
929 2001 1280 2078 (remittunt
1311 2005 1534 2065 contra
1561 2001 1797 2082 legem)
1846 1996 2170 2083 φθόγγων
2214 1990 2435 2083 ἀλόγῳ
2467 1999 2600 2063 τινὶ

284 2100 716 2189 διαστήματι.
808 2101 949 2180 Quo
1009 2105 1153 2169 loco
1201 2101 1462 2168 easdem
1508 2121 1669 2184 quas
1723 2103 1885 2167 locis
1931 2121 2127 2185 supra
2172 2102 2385 2167 allatis
2432 2101 2597 2167 divi-

286 2208 528 2289 siones,
575 2205 1026 2272 enharmonias
1073 2205 1338 2286 scilicet,
1394 2203 1788 2288 significatas
1836 2223 1977 2270 esse
2024 2205 2229 2269 voluit
2273 2206 2599 2287 Marquar·

286 2309 437 2374 dius
482 2310 569 2390 (p.
602 2309 771 2385 270).
861 2310 947 2373 At
1006 2306 1179 2390 apud
1225 2305 1640 2372 Plutarchum
1702 2305 1963 2389 quidem
2010 2306 2244 2372 Noster
2302 2305 2459 2372 dicit
2518 2307 2600 2372 ab

288 2412 433 2477 istis
480 2411 739 2477 musicis
784 2409 1077 2476 lichanos
1123 2429 1375 2494 semper
1421 2409 1659 2474 molliri
1707 2406 2225 2491 (μαλακίζουσι),
2274 2410 2314 2473 i.
2352 2428 2406 2474 e.
2454 2429 2596 2493 gra-

284 2516 505 2580 viores
562 2515 630 2578 in
687 2534 802 2581 suo
865 2532 1153 2596 quasque
1211 2532 1445 2595 genere
1507 2512 1672 2577 sumi
1734 2519 1798 2576 et
1852 2510 1935 2575 ad
1980 2510 2304 2577 lichanum
2352 2511 2599 2577 diatoni

285 2616 507 2683 mollis
559 2616 667 2681 vel
712 2615 1060 2682 chromatis
1117 2615 1329 2680 mollis
1388 2634 1580 2697 quam
1627 2614 1919 2697 proxime
1965 2612 2381 2696 accedentes3
2441 2615 2601 2681 locis

285 2725 507 2785 autem
554 2738 750 2803 supra
791 2718 1007 2784 allatis
1053 2717 1136 2783 de
1167 2716 1425 2782 lichano
1473 2715 1892 2782 enharmonia
1927 2715 2205 2799 quadam
2243 2736 2452 2782 sermo
2485 2723 2599 2783 est.

283 2824 519 2905 Neque
562 2817 1000 2902 μαλακίζουσι
1045 2820 1206 2885 illud
1238 2820 1538 2885 convenit
1573 2840 1718 2885 cum
1748 2820 2002 2901 generis
2049 2818 2448 2886 enharmonii
2491 2839 2602 2885 na-

286 2931 452 3006 tura,
498 2944 647 2990 nam
697 2924 949 3006 „cantio
982 2924 1120 2989 eius
1151 2923 1432 2987 maxime
1464 2942 1726 3005 gravem
1761 2928 1824 2987 et
1856 2922 2181 3004 egregiam
2232 2920 2427 2987 habet
2454 2942 2601 2988 auc-

287 3024 653 3093 toritatem“
682 3027 928 3092 Vitruv.
957 3027 1010 3090 V
1036 3031 1094 3090 4.
1156 3026 1356 3089 Multo
1389 3026 1732 3091 similiores
1766 3044 1882 3090 eae
1913 3024 2305 3090 tetrachordi
2338 3025 2601 3091 divisio-

288 3150 407 3196 nes
464 3130 664 3195 fuisse
708 3127 869 3193 mihi
913 3128 1243 3204 videntur,
1291 3147 1450 3211 quas
1495 3126 1816 3211 significat
1871 3148 1932 3210 p.
1968 3131 2069 3207 30,
2107 3132 2204 3211 14,
2253 3147 2395 3192 cum
2442 3126 2603 3192 dicit

288 3215 600 3316 aequales
660 3251 810 3298 suos
854 3232 1233 3314 plerumque
1291 3231 1356 3294 in
1404 3228 1730 3297 chromate
1789 3230 2034 3295 versari
2079 3234 2341 3312 propter
2385 3228 2601 3294 dulce-

289 3334 464 3399 dinis
510 3331 838 3416 quoddam
884 3331 1163 3398 studium
1223 3328 1362 3410 (διὰ
1409 3327 1483 3394 τὸ
1531 3330 1946 3414 γλυκαίνειν).
2036 3330 2363 3396 Habemus
2409 3329 2605 3412 igitur

288 3436 693 3502 irrationalia
739 3435 1081 3500 intervalla
1125 3433 1535 3500 chromatica.
1626 3433 1937 3499 Extitisse
1967 3439 2183 3498 autem
2229 3433 2295 3497 in
2340 3432 2605 3499 diatono

288 3559 550 3623 quoque
595 3556 831 3621 genere
879 3536 1106 3603 chroas
1151 3538 1573 3617 irrationales,
1623 3536 1775 3601 inde
1805 3536 2111 3618 sequitur,
2158 3536 2331 3619 quod
2371 3537 2438 3600 in
2470 3535 2605 3600 dia·

287 3650 443 3709 tono
501 3641 721 3724 plnres
780 3659 974 3723 quam
1020 3640 1182 3706 duas
1241 3639 1387 3706 illas
1433 3637 1664 3704 chroas
1707 3639 2054 3705 rationales
2099 3658 2242 3704 esse
2288 3637 2609 3721 significat

282 3768 348 3831 p.
386 3746 490 3821 98,
523 3747 637 3808 26:
699 3738 816 3806 ἐπὶ
860 3738 935 3806 τὸ
983 3744 1190 3828 μέσης
1232 3741 1343 3806 καὶ
1391 3739 1661 3820 λιχανοῦ
1707 3736 2062 3827 διάστημα,
2115 3731 2153 3804 ὅ
2198 3764 2263 3806 τι
2311 3734 2393 3804 ἄν
2440 3763 2607 3805 ποτε

282 3842 575 3930 τυγχάνῃ
622 3832 700 3910 ὂν
742 3835 897 3908 καθ’
952 3841 1311 3929 ἑκάστην
1351 3841 1556 3927 χρόαν
1603 3843 1735 3906 τῶν
1783 3840 2131 3908 διατόνων.
