3177 4960
841 339 925 394 De
957 339 1373 395 irrationalitate
1409 339 1593 396 studia
1628 340 1948 410 rhythmica.
2436 345 2559 404 253

234 519 333 578 ter
362 512 616 595 allataS,
664 512 780 580 sed
812 514 1029 595 plures
1059 513 1363 596 rationes,
1397 512 1708 598 hemiolii,
1742 514 2007 598 epitriti,
2039 515 2335 600 triplasii,
2368 517 2554 601 aliaS,

236 633 405 697 quae
437 613 733 680 dicuntur
760 611 1086 700 γνώριμοι
1114 616 1197 700 τῇ
1231 611 1570 702 αἰσθήσει.
1635 606 2047 700 Ἐῤῥύθμους
2075 621 2290 683 autem
2323 614 2556 701 λόγους

235 721 646 782 trestantum
677 722 900 784 extare
930 717 1127 784 tradit
1156 719 1436 785 musicus
1480 739 1541 802 p.
1568 721 1693 784 302
1724 717 1881 784 Mor.
1914 746 1999 770 =
2031 720 2134 802 36,
2163 722 2242 782 14
2266 739 2404 803 sqq.
2431 720 2553 804 W.,

235 816 445 902 dupli,
491 820 702 903 aequi,
751 820 1171 905 sesquitertii;
1220 821 1457 903 epitriti
1503 823 1590 905 (p.
1626 824 1842 904 37,14
1872 822 1993 903 sq.)
2035 841 2191 887 vero
2221 823 2556 907 rationem,

235 921 516 1005 triplasii
548 924 672 1004 (36,
690 922 816 1004 21),
848 923 1237 1005 pentaplasii
1269 921 1400 1005 (37,
1422 927 1542 1006 10),
1575 922 1942 1006 hexaplasii
1973 923 2100 1005 (37,
2122 922 2229 1004 14)
2252 943 2380 989 non
2414 943 2556 992 esse

237 1018 618 1106 ἐρῤύθμους
661 1022 957 1090 affirmat.
1047 1026 1209 1090 Item
1255 1045 1317 1109 p.
1366 1027 1490 1089 272
1536 1025 1695 1092 Mor.
1728 1052 1814 1076 =
1844 1027 1947 1108 29,
1980 1026 2055 1088 21
2093 1024 2189 1090 W.
2236 1024 2394 1091 dicit
2440 1022 2557 1091 τὸν

189 1140 194 1147 “
236 1121 505 1210 ῥυθμὸν
562 1129 948 1210 γίγνεσθαι,
1008 1117 1170 1192 όταν
1214 1121 1251 1212 ἡ
1299 1129 1431 1193 τῶν
1471 1125 1728 1247 χρόνων
1788 1124 2115 1210 διαίρεσις
2170 1122 2358 1201 τάξιν
2404 1124 2556 1191 τινὰ

237 1224 410 1312 λάβῃ
458 1219 959 1314 ἀφωρισμένην·
1020 1220 1094 1293 οὗ
1140 1226 1267 1315 γὰρ
1313 1231 1505 1294 πᾶσα
1544 1226 1801 1311 χρόνων
1844 1225 2036 1304 τάξις
2087 1225 2419 1313 ένρυθμος
2466 1227 2557 1307 (ἐν

236 1327 531 1413 ῥυθμοῖς
577 1330 784 1414 codd,
837 1323 1174 1417 ευρυθμος
1219 1333 1459 1406 Psell.).
1561 1333 1637 1397 In
1684 1332 1777 1398 eis
1822 1336 2067 1413 autem,
2128 1349 2294 1413 quae
2340 1331 2557 1397 statim

235 1439 621 1515 sequuntur,
682 1434 1005 1500 invenitur
1048 1454 1179 1500 vox
1233 1426 1569 1519 εὔρυθμος
1583 1460 1604 1514 ,·
1663 1433 1777 1500 sed
1823 1434 2025 1499 verba
2067 1427 2143 1497 τὸ
2191 1427 2281 1518 μὴ
2328 1433 2557 1498 πᾶσαν

233 1530 479 1618 χρόνου
523 1530 714 1609 τάξιν
762 1527 1099 1618 εῧρυθμον
1147 1530 1321 1600 εἶναι
1365 1536 1676 1603 claritatis
1708 1555 1903 1602 causa
1947 1556 1987 1600 a
2016 1535 2228 1602 scriba
2273 1534 2555 1617 quodam

240 1637 462 1721 inepte
492 1643 638 1702 sunt
668 1637 960 1721 repetita.
1049 1638 1474 1705 Aristoxenus
1521 1638 1693 1704 enim
1726 1637 2147 1720 tautologiam
2192 1637 2386 1703 facile
2421 1638 2553 1703 evi-

240 1744 380 1804 tare
408 1740 636 1823 potuit,
682 1740 737 1804 si
768 1735 1074 1804 πιθανὸν
1118 1737 1238 1821 μὲν
1283 1739 1818 1822 praecedentibus
1863 1737 2210 1804 adnectere
2238 1739 2556 1806 voluisset

238 1841 620 1923 pronomine
666 1841 1168 1913 demonstrativo
1214 1842 1319 1908 vel
1366 1842 1659 1907 relativo.
1747 1839 1876 1906 Sed
1924 1841 1989 1905 in
2021 1839 2335 1907 eiusmodi
2380 1842 2552 1908 locu-

239 1944 525 2010 tionibus
569 1945 946 2028 postpositis
990 1944 1232 2028 gaudet
1270 1943 1693 2031 dissolutione
1740 1938 2275 2022 sententiarum.¹)
2363 1941 2555 2010 Adde

239 2045 527 2112 Aristox.
573 2046 749 2130 apud
793 2045 1021 2112 Athen.
1055 2045 1209 2110 XIV
1253 2066 1316 2128 p.
1351 2049 1475 2111 630
1501 2046 1584 2110 F:
1630 2044 1739 2109 καὶ
1791 2036 1979 2108 αὐτοὶ
2029 2036 2091 2108 δ’
2131 2043 2196 2108 οἱ
2228 2041 2556 2121 Λάκωνες

240 2145 309 2211 ἐν
354 2159 499 2224 τοῖς
556 2147 881 2231 πολέμοις
939 2143 1022 2210 τὰ
1088 2151 1420 2230 Τυρταίου
1477 2143 1830 2234 ποιήματα
1890 2138 2555 2233 ἀπομνημονεύοντες

239 2248 582 2335 ἕῤῥυθμον
638 2254 893 2336 κίνησιν
947 2251 1323 2315 ποιοῦνται.
1428 2248 1611 2328 Quae
1658 2270 1799 2316 eum
1860 2249 1952 2314 ita
1996 2249 2157 2333 sint,
2217 2241 2554 2332 εὔρυθμον

238 2355 436 2421 latius
481 2359 704 2437 patere
747 2353 952 2436 liquet
997 2373 1192 2437 quam
1238 2349 1607 2437 ἔῤῥυθμον;
1655 2351 1815 2418 illud
1864 2352 2034 2417 enim
2080 2351 2163 2417 de
2194 2358 2551 2436 temporum

239 2455 649 2524 definitorum
696 2456 1248 2523 coniunctionibus
1292 2455 1842 2539 qualibuscunque
1887 2459 2228 2537 usurpatur
2272 2473 2393 2521 nec
2428 2454 2554 2521 for·

240 2580 381 2625 mas
415 2558 826 2648 ⁸rhythmicas
869 2559 1152 2642 respicit,
1199 2558 1315 2624 sed
1363 2555 1722 2643 αἴσθησινς
1770 2555 1894 2622 hoc
1936 2574 2093 2621 vero
2139 2555 2223 2622 de
2255 2556 2350 2623 eis
2396 2557 2551 2626 solis

237 2669 601 2746 temporum
635 2662 1206 2743 coniunctionibus,
1252 2680 1418 2744 quae
1450 2659 1687 2727 cadunt
1715 2659 1783 2724 in
1812 2656 2370 2742 rhythmopoeiam
2405 2679 2551 2725 con-

238 2767 508 2831 tinuam.
601 2757 951 2847 Εὕρυθμοι
985 2765 1178 2847 igitur
1222 2800 1305 2809 -
1351 2768 1544 2845 atque
1582 2781 1661 2828 ea
1692 2760 1952 2844 quidem
1986 2761 2180 2826 lectio
2212 2762 2426 2844 potior
2468 2797 2553 2807 -
2672 2774 2682 2790 ¹

236 2873 427 2933 erunt
471 2866 533 2933 ei
573 2863 802 2951 χρόνοι
848 2863 1186 2945 σύνθετοι,
1243 2885 1512 2949 quorum
1556 2864 1813 2946 singula
1856 2869 2150 2946 tempora
2193 2870 2341 2929 sunt
2383 2855 2552 2946 γνώ-

237 2993 406 3053 ριμα
450 2970 535 3054 τῇ
573 2966 916 3055 αἰσθήσει.

410 3071 644 3137 Simile
704 3071 1028 3155 quoddam
1094 3069 1333 3136 accidit
1398 3070 1464 3135 in
1522 3066 1911 3134 harmonica.
2014 3063 2554 3150 Μελῳὸούμενον

238 3177 412 3241 enim
448 3179 565 3256 est,
612 3173 786 3257 quod
814 3192 1095 3257 unquam
1126 3176 1339 3256 potest
1369 3170 1601 3237 cadere
1646 3171 1711 3236 in
1748 3168 1967 3252 μέλος,
2014 3164 2290 3249 ἐμμελές
2318 3175 2551 3250 autem,

237 3277 416 3361 quod
451 3281 625 3343 certo
652 3275 931 3359 quodam
964 3273 1357 3342 tetrachordi
1385 3274 1530 3339 loco
1562 3272 1759 3339 debet
1780 3270 1954 3357 poni.
2045 3270 2164 3334 Ex.
2198 3289 2290 3351 gr.
2326 3275 2555 3352 quarta

236 3381 374 3446 toni
423 3398 577 3464 pars
624 3383 721 3444 est
762 3374 1287 3462 μελῳδούμενον,
1334 3372 1610 3457 ἐμμελὲς
1638 3379 1852 3441 autem
1897 3391 2024 3437 non
2065 3371 2189 3436 nisi
2219 3371 2285 3436 in
2316 3391 2555 3454 genere

238 3481 697 3562 enharmon10‚
756 3481 822 3545 in
869 3480 1131 3547 diatono
1178 3498 1333 3545 vero
1381 3484 1479 3545 est
1524 3473 1815 3557 ἐκμελές;
1872 3472 2295 3540 hemitonium
2340 3479 2555 3541 autem

416 3687 465 3750 1)
504 3681 587 3737 Cf.
615 3681 683 3739 el.
709 3681 880 3736 harm.
907 3697 962 3749 p.
990 3685 1037 3748 6,
1064 3684 1124 3734 27
1154 3679 1330 3747 qu..
1317 3699 1329 3713 ·
1380 3681 1512 3752 περὶ
1546 3667 1613 3749 ἧς
1659 3675 1715 3733 οἳ
1750 3681 2007 3733 πλεῖστοι
2053 3678 2172 3732 τῶν
2216 3668 2549 3746 ἁρμονικῶν

237 3762 364 3827 οὔδ’
407 3758 504 3826 ότι
538 3766 1011 3839 πραγματευτέον
1045 3760 1333 3838 ᾔσθοντο
1369 3767 1541 3834 δῆλον
1576 3754 1628 3818 δ’
1666 3752 1798 3833 ἧμιν
1832 3759 1895 3818 ἐν
1931 3770 2055 3827 τοῖς
2091 3755 2424 3834 ἔμπροσθεν
2458 3754 2553 3831 γε’-

234 3875 447 3928 γονεν,·
483 3852 622 3907 adde
645 3869 736 3921 pp.
763 3856 846 3919 46,
875 3856 967 3921 12,
1006 3856 1088 3919 62,
1115 3857 1173 3913 5;
1214 3852 1296 3915 76,
1324 3852 1413 3915 2ος
1453 3852 1534 3916 92,
1561 3851 1655 3916 23,
1694 3848 1922 3917 denique
1957 3864 2011 3916 p.
2043 3849 2155 3910 106,
2187 3849 2267 3909 16,
2305 3860 2461 3913 quem
2496 3844 2554 3897 in

232 3941 422 3996 locum
461 3938 772 4007 corruptela
807 3936 1052 4006 irrepsit,
1099 3936 1186 3991 cui
1228 3935 1308 3989 ita
1341 3933 1698 3988 medebimur·
1746 3929 1851 3989 ἐὰν
1900 3933 2003 3989 οὖν
2039 3971 2257 3988 ......
2304 3924 2554 4001 γένηται,

235 4021 306 4081 τὸ
348 4026 410 4082 δὲ
446 4020 732 4096 τέταρτον
768 4018 1000 4089 ἄνισον,
1047 4052 1110 4061 --
1158 4022 1413 4093 γίγνεται
1451 4008 1705 4090 (γένηται
1739 4017 1915 4083 codd.)
1964 4008 2016 4072 δ’
2053 4013 2117 4071 ἐν
2152 4034 2233 4091 τῳ
2274 4032 2553 4071 συντονω

234 4107 397 4187 τάτῳ
434 4105 769 4185 διατόνῳ-
796 4111 917 4165 κτλ.

342 4205 425 4249 Lei
409 4205 573 4259 1pziger
551 4203 800 4246 rStudien.
849 4201 976 4246 XIV.
2185 4188 2243 4236 17
