3177 4960
904 376 989 430 De
1022 376 1433 432 irrationalitate
1469 376 1649 432 studia
1683 376 2005 445 rhythmica.
2495 378 2611 435 191

364 598 734 667 E1.rhythm.
818 600 823 706 Ι
957 598 1121 652 Pseu.
1245 545 1265 708 Ι]

291 753 348 806 p.
377 739 460 798 34,
492 738 710 800 17-35‚
738 738 768 787 8
1336 735 1419 790 De
1453 736 1889 800 irrationalitate,
1926 735 2374 803 quemadmodum
2406 742 2615 805 spectet

1401 820 1471 875 ad
1506 819 1806 889 rhythmos.

295 921 353 974 p.
381 909 467 972 35,
491 908 680 970 9—36,
707 909 736 959 8
1331 905 1416 959 De
1452 906 1651 974 pedum
1687 906 2007 961 differentiis
2044 910 2264 976 septem.

289 1008 346 1059 p.
374 993 458 1055 36,
485 994 656 1044 9—-13
1330 991 1415 1046 De
1450 992 1624 1047 tribus
1660 993 1945 1060 generibus
1981 993 2197 1061 pedum,
2235 992 2327 1061 qui
2350 992 2465 1061 apti
2489 998 2617 1046 sunt

1404 1077 1472 1131 ad
1498 1077 1966 1148 rhythmopoeiam
1991 1078 2305 1133 continuam
2337 1077 2461 1145 (frg.
2488 1077 2613 1132 Par.

1326 1164 1601 1302 ngffli's
1634 1249 1832 1318 pedum
1856 1248 2064 1317 spatiis,
2100 1261 2292 1317 nempe
2318 1262 2457 1316 quae
2481 1252 2616 1316 apta

1395 1338 1524 1388 sunt
1559 1334 1631 1388 ad
1665 1332 2131 1402 rhythmopoeiam
2170 1332 2501 1387 continuam.

285 1262 346 1315 p.
375 1248 460 1310 36,
490 1250 608 1299 14-
622 1245 715 1299 fin.

466 1437 760 1520 Apparet
789 1436 984 1521 igitur
1014 1438 1164 1503 libri
1195 1438 1608 1505 Aristoxenei
1640 1441 1912 1516 initium,
1960 1439 2132 1523 quod
2165 1439 2360 1521 vulgo
2392 1439 2611 1520 fertur,

284 1561 420 1606 non
467 1558 608 1606 esse
653 1540 1022 1607 Aristoxeni
1068 1540 1269 1626 ipsius
1316 1543 1683 1608 continuam
1730 1543 2285 1625 explanationem,
2329 1541 2614 1607 Psellum

284 1647 506 1708 autem
537 1662 666 1708 non
698 1661 735 1708 e
763 1641 988 1709 codice
1023 1644 1259 1709 nostris
1305 1651 1580 1728 cognato
1627 1664 1746 1710 sua
1790 1643 2104 1724 hausisse,
2151 1662 2375 1708 verum
2407 1661 2489 1708 ex
2519 1643 2612 1707 in-

285 1752 472 1827 tegro
504 1745 732 1811 musici
763 1745 967 1828 ipsius
1000 1745 1403 1829 compendio.
1473 1747 1573 1811 Ex
1606 1766 1732 1830 quo
1765 1746 1929 1812 libro
1963 1746 2038 1827 is,
2086 1746 2189 1811 cui
2221 1746 2470 1810 maiora
2498 1744 2614 1808 illa

286 1853 600 1930 excerpta
643 1848 985 1929 debemus,
1030 1849 1164 1913 alia
1205 1846 1554 1932 delibavit,
1603 1850 1733 1914 alia
1778 1849 2063 1929 Psellus,
2125 1849 2217 1913 ita
2261 1853 2330 1913 ut
2373 1866 2610 1914 novem

283 1955 536 2015 tantum
583 1951 800 2032 capita
842 1952 1231 2017 conveniant
1272 1951 1439 2017 inter
1467 1958 1828 2034 utrumque,
1876 1955 2093 2016 cetera
2128 1950 2320 2015 modo
2353 1950 2437 2015 ab
2469 1947 2612 2026 hoc,

283 2051 480 2117 modo
510 2052 595 2117 ab
624 2052 741 2117 illo
771 2053 899 2117 sint
926 2054 1403 2135 praetermissa.
1481 2052 1665 2131 Quae
1697 2073 1842 2120 cum
1873 2055 1965 2118 ita
1994 2054 2140 2134 sint,
2172 2053 2384 2118 fontes
2416 2050 2614 2118 habe-

281 2173 427 2220 mus
457 2153 641 2237 duos,
689 2156 799 2237 qui
843 2174 1053 2238 aequo
1099 2156 1236 2221 iure
1270 2155 1633 2240 eademque
1662 2157 2043 2223 auctoritate
2088 2162 2348 2222 utuntur
2394 2160 2458 2220 et
2486 2154 2612 2219 nisi

284 2257 645 2323 communis
690 2257 957 2340 originis
987 2258 1245 2323 vinculo
1289 2259 1456 2324 inter
1488 2278 1560 2324 se
1588 2278 1717 2323 non
1764 2257 2128 2324 cohaerent.
2206 2255 2615 2340 Quapropter

280 2379 417 2424 non
445 2363 547 2424 est
575 2359 826 2441 mirum,
858 2360 935 2443 si,
982 2379 1149 2443 quae
1179 2361 1246 2425 in
1276 2362 1563 2443 utrisque
1597 2361 1919 2443 excerptis
1952 2361 2192 2425 omissa
2220 2359 2366 2441 sint,
2401 2365 2613 2424 tamen

282 2461 618 2529 extiterint
660 2462 728 2527 in
771 2462 1059 2546 pristinis
1091 2463 1463 2529 Aristoxeni
1510 2463 1846 2530 elementis
1881 2461 2262 2546 rhythmicis
2306 2466 2501 2543 atque
2548 2461 2614 2525 in

283 2583 370 2630 ea
410 2566 561 2648 ipsa
589 2585 811 2631 eorum
849 2572 1054 2649 parte,
1103 2586 1187 2632 ex
1232 2585 1361 2649 qua
1405 2567 1834 2650 epitomarum
1880 2566 2138 2629 illarum
2184 2571 2457 2647 utraque
2501 2562 2611 2627 de-

182 2749 191 2756 ,
284 2673 516 2749 cerpta
545 2672 662 2733 est.
752 2666 897 2732 Huc
939 2668 1149 2733 refero
1182 2667 1492 2733 nonnulla
1536 2686 1703 2751 quae
1742 2668 1958 2733 insunt
1987 2667 2053 2730 in
2084 2665 2459 2748 fragmentis
2488 2663 2610 2728 Pa·

281 2768 503 2835 risinis
547 2788 589 2834 a
619 2768 959 2835 Vincentio
1005 2768 1229 2836 editis:
1277 2773 1314 2847 ξ
1345 2772 1384 2833 6
1431 2769 1585 2835 inde
1630 2790 1671 2834 a
1699 2769 1916 2835 verbis
1963 2761 2139 2832 ὥστε
2184 2761 2357 2832 εἶναι
2402 2787 2611 2851 φανε-

281 2866 424 2953 ρὸν,
470 2874 508 2946 ξ
541 2875 578 2933 7
609 2869 692 2936 de
721 2872 1123 2954 temporibus
1154 2870 1575 2955 eurhythmis,
1611 2870 2157 2954 rhythmoidibus,
2193 2868 2608 2954 arrhythmiS‚

279 2993 452 3057 quae
510 2973 687 3057 apud
745 2973 1075 3040 Aristiden
1130 2978 1218 3057 (p.
1253 2976 1334 3039 33
1369 2994 1463 3058 sq.
1511 2975 1641 3040 Mb.
1676 3003 1758 3025 -—-
1791 2978 1893 3056 50,
1924 2978 1963 3037 4
1995 2992 2135 3057 sqq.
2171 2973 2294 3046 W.)
2353 2989 2608 3055 quoque

279 3078 728 3159 inveniuntur3
774 3079 810 3152 ἓ
847 3079 926 3140 12
970 3083 1188 3142 autem
1218 3077 1476 3143 videtur
1520 3078 1728 3160 petita
1758 3096 1901 3144 esse
1932 3096 2017 3143 ex
2048 3082 2233 3160 parte
2276 3075 2411 3139 τῶν
2444 3072 2610 3157 ῥυθ-

277 3182 496 3262 μικῶν
542 3183 888 3260 στοιχείων
934 3178 1309 3263 deperdita,
1379 3199 1510 3262 qua
1566 3179 1651 3245 de
1696 3179 2080 3246 differentiis
2136 3177 2377 3261 pedum
2419 3195 2606 3241 accu-

278 3284 486 3350 ratius
517 3289 928 3367 exposuerat,
976 3283 1158 3349 cuius
1201 3282 1455 3347 initium
1491 3289 1736 3348 tantum
1784 3284 1850 3347 in
1886 3279 2262 3364 fragmentis
2294 3276 2606 3363 rhythmi-

281 3388 378 3453 cis
423 3384 781 3451 maioribus
826 3391 1153 3451 servatum
1200 3391 1316 3451 est.

454 3487 589 3554 Sed
646 3487 953 3570 lacunae,
1013 3494 1082 3552 ut
1126 3492 1539 3571 exerptorum
1597 3488 1758 3553 ratio
1804 3495 2020 3551 secum
2069 3486 2224 3568 fert,
2270 3484 2477 3566 magis
2521 3483 2607 3549 ad

275 3592 654 3658 universam
689 3591 1216 3674 explanationem
1246 3609 1325 3655 ac
1355 3595 1495 3655 tota
1525 3590 1759 3672 capita,
1793 3608 1986 3672 quam
2017 3586 2105 3654 ad
2133 3588 2391 3671 singula
2419 3605 2606 3669 prae-

279 3700 477 3778 cepta
533 3693 876 3776 pertinent.
966 3692 1195 3775 Itaque
1251 3692 1505 3773 quoties
1548 3696 1968 3774 praeceptum
2013 3695 2193 3756 extat
2251 3690 2317 3754 in
2363 3690 2605 3754 neutris

277 3796 615 3879 excerptis
658 3794 934 3876 pleniuS,
980 3794 1377 3876 argumentis
1421 3791 1804 3859 firmissimis
1850 3812 2012 3877 opus
2060 3792 2210 3875 erit,
2255 3792 2312 3857 si
2357 3795 2607 3856 mutare

279 3900 636 3983 quicquam
680 3897 787 3962 vel
831 3894 1076 3962 addere
1123 3896 1242 3963 vis.
1258 3897 1303 3972 ¹)
1389 3895 1775 3963 Cautissime
1820 3901 2034 3961 autem
2083 3894 2345 3959 omnino
2375 3912 2605 3978 pauca,

466 4066 512 4128 1)
547 4062 735 4118 Veluti
770 4063 819 4117 si
853 4062 921 4118 el.
954 4062 1038 4117 rh.
1063 4077 1119 4130 p.
1146 4064 1229 4126 33,
1256 4064 1285 4114 2
1305 4061 1395 4116 W.
1434 4062 1731 4118 concinunt
1766 4077 1889 4116 cum
1924 4060 2089 4116 Pselli
2124 4064 2155 4127 ς
2182 4065 2216 4114 4
2248 4060 2308 4114 in
2342 4074 2425 4126 eo,
2460 4058 2604 4127 quod

273 4154 671 4217 temporum·
690 4147 1010 4217 podicorum
1045 4147 1334 4201 maximum
1369 4161 1653 4203 numerum
1687 4147 1797 4201 tria
1831 4161 1951 4202 esse
1985 4145 2284 4211 affirmant,
2320 4160 2431 4200 non
2466 4146 2602 4207 erat,

2200 4232 2294 4283 13*
