3177 4960
811 367 895 422 De
928 366 1348 422 irrationalitate
1382 366 1562 421 studia
1596 366 1915 436 rhythmica.
2021 426 2026 431 ,
2394 367 2515 426 247

192 542 280 608 tis
329 540 596 607 demum
641 541 1037 623 temporibus
1081 541 1310 624 oritur;
1355 541 1434 606 ef.
1467 562 1531 625 p.
1567 543 1710 604 254.
1756 573 1838 583 -
1885 540 1987 606 De
2030 543 2258 608 ceteris
2303 549 2517 608 autem

194 643 542 727 praecepti
585 641 897 708 Aristidei
955 642 1173 709 verbis
1228 661 1305 708 ao
1349 641 1433 707 de
1476 644 1825 724 praecepto
1879 643 2179 711 universo
2225 644 2383 728 quid
2426 645 2517 710 iu-

192 745 439 829 dicem,
489 745 619 810 iam
665 764 859 827 supra
904 745 1173 828 exposui
1220 747 1305 828 (p.
1339 746 1462 809 233
1493 742 1687 816 adn.).

375 845 564 924 Quae
621 847 678 912 si
722 851 896 911 reete
957 845 1285 929 disputata
1342 844 1672 926 videntur,
1732 852 1976 912 eertum
2021 854 2151 929 est,
2214 846 2523 931 quemad·

195 949 472 1016 modum
520 948 602 1014 ab
633 945 1008 1014 harmonica
1044 967 1188 1013 eam
1219 947 1796 1028 irrationalitatem,
1843 967 1972 1030 qua
2001 951 2231 1016 ceteris
2264 968 2521 1015 manen·

190 1053 377 1118 tibus
424 1070 621 1116 unum
665 1054 911 1115 tantum
969 1049 1376 1116 intervallum
1422 1054 1734 1132 mutatur,
1794 1051 2051 1118 omnino
2107 1052 2340 1117 abesse
2384 1052 2524 1117 vult

200 1154 319 1220 lex
365 1153 820 1235 Aristoxenea,
865 1152 1022 1217 item
1069 1146 1136 1214 ἐν
1183 1150 1473 1236 ῥυθμοῖς
1532 1150 2086 1219 irrationalitatem
2132 1153 2317 1219 unius
2360 1157 2519 1218 tem·

197 1257 387 1339 poris
445 1274 575 1320 non
629 1253 942 1338 inveniri,
1001 1251 1118 1319 sed
1176 1260 1469 1335 spectare
1528 1253 1617 1320 ad
1659 1254 1861 1339 pedes
1906 1254 2265 1339 singulares
2312 1251 2522 1332 (πόδα

199 1355 536 1434 ἕκαστον).
626 1356 751 1422 Pes
796 1356 992 1438 igitur
1036 1354 1429 1421 irrationalis
1476 1351 1751 1431 ἕκαστος
1794 1357 2005 1440 spatio
2050 1357 2216 1424 inter
2253 1357 2523 1422 duorum

197 1459 621 1527 rationalium
680 1458 892 1541 spatia
945 1456 1197 1523 medius
1257 1462 1387 1539 est,
1444 1458 1511 1522 in
1566 1457 1889 1542 rhythmis
1950 1477 2107 1525 vero
2166 1464 2521 1544 temporum

198 1559 677 1628 irrationalium
725 1560 1087 1627 coniunctio
1131 1558 1304 1625 idem
1348 1561 1630 1643 spatium
1676 1566 1909 1644 servat,
1958 1560 2131 1644 quod
2161 1562 2522 1643 rationalia,

198 1684 236 1730 e
283 1662 526 1747 quibus
571 1681 690 1745 per
732 1662 1108 1745 parallagen
1155 1667 1296 1727 orta
1339 1667 1517 1742 sunt;
1577 1663 1645 1726 in
1691 1662 1804 1728 illo
1850 1664 2128 1746 spatium
2185 1682 2524 1729 commune

201 1759 553 1851 εὔρυθμον
596 1785 724 1830 non
770 1769 900 1846 est,
962 1764 1027 1828 in
1073 1761 1173 1828 his
1234 1781 1392 1830 vero
1436 1762 1709 1829 duorum
1755 1765 2120 1848 pluriumve
2163 1771 2523 1849 temporum

196 1866 676 1933 irrationalium
722 1860 1077 1932 vicinorum
1110 1883 1444 1932 commune
1488 1867 1769 1948 spatium
1814 1874 1913 1934 est
1942 1867 2292 1934 definitum.
2367 1865 2523 1950 Agi-

198 1976 306 2036 tur
353 1969 553 2052 igitur
597 1967 681 2034 de
726 1968 1131 2052 discrimine,
1191 1966 1364 2049 quod
1410 1967 1754 2035 intercedit
1804 1970 1969 2035 inter
2010 1970 2305 2037 notiones
2351 1966 2525 2046 ποὺς

198 2068 489 2145 ἕκαστος
518 2077 584 2137 et
614 2069 889 2156 ῥυθμοί.
951 2067 1159 2148 Quam
1190 2089 1344 2153 rem,
1379 2071 1621 2155 quippe
1653 2091 1820 2155 quae
1843 2072 2163 2156 pertineat
2192 2073 2277 2137 ad
2301 2072 2523 2158 rhyth-

196 2175 418 2240 micae
448 2179 699 2256 partem
730 2172 1179 2238 difficillimam
1213 2172 1294 2238 de
1324 2172 1602 2257 pedibus
1633 2174 2025 2259 compositisx,
2055 2181 2284 2259 postea
2312 2195 2431 2242 usu
2463 2183 2529 2242 et

202 2275 533 2359 exemplis
580 2275 809 2340 melius
856 2274 1251 2341 intellectum
1296 2273 1375 2339 iri
1422 2295 1612 2358 spero
1653 2296 1844 2360 quam
1891 2276 2137 2342 ratione
2184 2298 2262 2344 ao
2306 2277 2522 2362 dispu-

200 2378 473 2444 tatione.
566 2376 698 2443 Sed
754 2377 1131 2461 priusquam
1178 2397 1255 2444 eo
1301 2376 1878 2459 transgrediamur,
1926 2379 2361 2461 quaerendum
2408 2385 2522 2463 est,

202 2500 531 2565 quaenam
590 2479 785 2546 fuerit
825 2479 1337 2547 irrationalitatis
1383 2477 1711 2563 eondieio,
1760 2480 2020 2564 quinam
2068 2480 2226 2547 ordo
2272 2483 2338 2546 in
2383 2482 2523 2546 Ari-

200 2584 468 2650 stoxeni
516 2581 599 2649 de
629 2583 1026 2667 temporibus
1072 2582 1550 2666 explanatione,
1599 2600 1765 2664 quae
1803 2583 1930 2649 sint
1975 2583 2113 2649 eius
2158 2582 2401 2651 indicia
2445 2606 2524 2650 ao

199 2687 509 2770 vestigia.

1145 2922 1431 2989 CAPUT
1474 2922 1591 2987 IX.

450 3056 572 3134 De
623 3057 1059 3135 Aristoxeni
1105 3056 1199 3134 de
1251 3057 1697 3158 temporibus
1749 3060 2279 3158 explanatione.

1327 3332 1401 3395 A.

716 3469 827 3535 De
872 3467 1363 3534 differentia
1404 3463 1611 3531 κατὰ
1657 3464 2041 3549 μέγεθος.

382 3607 673 3673 Primam
703 3604 901 3671 fuisse
931 3610 1003 3670 ut
1031 3604 1269 3690 pedum
1301 3604 1410 3682 (el.
1435 3601 1533 3668 rh.
1558 3622 1622 3686 p.
1642 3606 1743 3687 35,
1777 3605 1851 3666 10
1865 3603 2014 3685 W.),
2046 3603 2531 3669 intervallorum
2591 3651 2594 3654 Α

207 3713 768 3794 systematumque
800 3707 904 3786 (el.
931 3705 1134 3773 harm.
1159 3728 1221 3792 p.
1248 3708 1352 3791 22,
1383 3710 1479 3770 15.
1507 3707 1590 3768 22
1616 3704 1836 3788 qu.)‚
1866 3707 1958 3772 ita
1988 3712 2347 3791 temporum
2381 3703 2531 3771 δια-

210 3806 444 3897 φορὰν
479 3806 649 3873 κατὰ
678 3811 971 3894 μέγεθος
1000 3816 1293 3894 apertum
1325 3815 1441 3876 est.
1530 3806 1677 3885 Quo
1707 3807 1987 3892 pertinet
2031 3807 2404 3892 explanatio
2450 3806 2533 3872 de

208 3919 517 3998 tempore
547 3911 756 3996 primo
789 3918 856 3979 et
884 3912 967 3979 de
992 3913 1087 3979 eis
1118 3911 1539 3995 temporibus,
1587 3929 1756 3994 quae
1786 3912 1899 3977 illo
1933 3909 2534 3977 commensurabilia

206 4019 366 4083 sunt
410 4017 500 4098 (p.
536 4015 635 4096 31,
672 4016 883 4077 5—24
913 4014 1057 4096 W.),
1111 4033 1231 4081 neo
1282 4015 1492 4080 minus
1535 4013 1983 4098 fragmentum,
2038 4010 2210 4096 quod
2241 4010 2533 4094 Porphy-

205 4117 352 4183 rius
398 4115 598 4182 tradit
640 4118 727 4201 (p.
761 4119 886 4181 255
922 4115 1177 4194 Wallis)
1221 4116 1554 4183 inventum
1602 4112 1670 4179 ἓν
1713 4118 1805 4199 τῷ
1856 4115 2014 4193 περὶ
2057 4110 2295 4198 χρόνου
2340 4109 2529 4193 πρώ-
