3177 4960
554 354 675 413 190
1517 357 1673 424 Hugo
1709 357 1899 414 Jusatz

721 527 909 594 Hunc
931 534 1147 594 autem
1173 535 1383 595 statuo
1405 537 1917 616 praeceptorum,
1942 537 2254 616 quotquot
2276 535 2342 598 in
2366 539 2636 617 utraque
2658 536 2859 620 epito-

550 651 657 697 ma
700 637 940 713 extant,
987 631 1184 698 fuisse
1230 631 1554 699 ordinem:

1571 938 1975 1006 Recapitulatio
2013 954 2198 994 eorum
2212 980 2228 1006 ,
2271 953 2412 1008 quae
2447 940 2515 992 de
2549 941 2857 1009 rhythmica

1640 1025 1891 1078 universe
1908 1023 2016 1077 iam
2031 1022 2253 1093 prolata
2273 1026 2431 1077 erant
2448 1023 2506 1077 in
2518 1024 2859 1093 praefatione

1640 1108 1906 1163 librorum
1942 1109 2008 1163 de
2045 1109 2254 1164 musica
2290 1109 2741 1178 conscriptorum.

1577 1244 1757 1315 Caput
1793 1242 1852 1298 I:
1901 1244 1986 1300 De
2030 1243 2367 1317 rhythmica,
2412 1244 2479 1298 de
2511 1241 2765 1314 rhythmo
2803 1252 2862 1298 et

1962 1328 2457 1400 rhythmizommw.

548 1459 600 1511 p.
639 1445 722 1507 28,
748 1447 917 1497 9—12
1246 1477 1310 1485 -
1570 1446 1956 1517 Rhythmicam
1976 1427 2096 1503 esse
2113 1448 2412 1504 doctrinam
2422 1447 2851 1516 detemporibus‚

762 1559 831 1568 -—
1233 1535 1264 1597 5
1298 1538 1319 1585 1
1639 1549 1751 1587 non
1787 1533 1855 1588 de
1890 1532 2131 1603 syllabis.
2204 1531 2288 1587 cf.
2335 1530 2439 1599 frg.
2475 1531 2705 1587 Parisin.
2743 1532 2777 1601 ξ
2801 1537 2853 1586 3.

543 1629 598 1682 p.
631 1617 961 1682 28‚.13-29‚
992 1619 1054 1669 19
1156 1618 1222 1683 55
1250 1620 1299 1670 2.
1341 1621 1403 1671 13
1569 1617 1656 1671 De
1691 1617 1929 1686 rhythmi
1963 1621 2021 1672 et
2042 1615 2489 1685 rhythmizomeni
2523 1616 2846 1671 discrimine.

542 1715 596 1767 p.
633 1702 716 1764 29,
742 1702 962 1764 20-30,
989 1703 1051 1756 21
1234 1702 1323 1771 53
1571 1700 1833 1756 Definitio
1868 1706 1924 1756 et
1958 1701 2193 1771 rhythmi
2229 1706 2283 1755 et
2316 1700 2783 1770 rhythmizomeni.

767 1815 832 1822 --
1233 1788 1267 1854 5
1293 1791 1324 1839 4
1571 1786 1904 1856 Rhythmum
1928 1801 1996 1841 ex
2022 1803 2131 1841 uno
2154 1790 2399 1854 tempore
2433 1801 2545 1841 non
2582 1792 2849 1842 constare.

543 1882 597 1933 p.
631 1871 714 1932 30,
741 1872 961 1935 22-31,
991 1874 1022 1922 4
1234 1871 1268 1937 5
1295 1877 1324 1924 5
1570 1871 1655 1926 De
1674 1871 2261 1940 rhythmizomenorum
2285 1871 2560 1926 elementis
2583 1871 2704 1940 (frg.
2723 1873 2849 1927 Par.

769 2067 833 2075 -—
1235 2039 1325 2108 56
1571 1958 1674 2094 Dc?
1702 1961 1999 2096 grandem
2048 2040 2434 2096 elementorum
2477 2046 2676 2097 natura
2728 2042 2849 2109 (frg.

1641 2124 1762 2179 Par.
1803 2127 1963 2193 541³).

1802 2260 1978 2328 Caput
2012 2257 2107 2314 II:
2147 2261 2230 2316 De
2264 2261 2613 2330 temporibus,

540 2393 595 2445 p.
630 2380 713 2442 31,
740 2380 928 2443 5-31,
955 2378 1020 2429 24
1233 2379 1266 2445 5
1294 2383 1320 2430 7
1569 2375 1656 2431 De
1690 2382 1933 2446 tempore
1967 2379 2140 2446 primo
2164 2384 2220 2433 et
2242 2377 2577 2448 temporibus
2600 2392 2664 2432 eo
2703 2394 2847 2433 com-

1637 2462 2110 2519 mensurabilibus,
2318 2519 2322 2525 .

540 2563 593 2615 p.
631 2552 713 2613 31,
739 2550 961 2613 25—32,
989 2552 1054 2601 34
1244 2579 1309 2586 —-
1569 2548 1654 2601 De
1689 2548 2025 2617 temporibus
2074 2548 2472 2617 incompositis,
2520 2548 2852 2616 compositi8‚

762 2748 829 2755 —
1232 2722 1263 2784 5
1292 2722 1320 2772 8
1568 2638 1993 2786 Demtgitrlisporum
2037 2724 2091 2771 et
2125 2717 2444 2786 podicorum
2481 2723 2536 2770 et
2569 2717 2852 2787 rhythmo·

1637 2803 1828 2871 poeiae
1860 2802 2201 2871 propriorum
2239 2807 2452 2857 natura.

1831 2937 2006 3005 Caput
2040 2935 2171 2990 III:
2210 2937 2293 2992 De
2323 2936 2572 3008 pedibus.

540 3038 595 3090 p.
623 3026 707 3088 33,
737 3028 868 3077 1-2
1243 3054 1303 3061 —
1565 3022 1726 3076 Pedis
1762 3022 2001 3076 definitio
2038 3020 2157 3089 (frg.
2196 3021 2320 3076 Par.
2360 3024 2393 3090 5
2420 3027 2489 3088 5).

762 3138 824 3146 -
1106 3139 1109 3144 «
1230 3110 1262 3175 5
1287 3113 1318 3162 9
1564 3106 1651 3161 De
1684 3107 1883 3175 pedum
1919 3107 2364 3175 proportionibus
2399 3108 2650 3176 quinque.

759 3224 825 3231 —
1206 3195 1239 3261 5
1270 3197 1331 3247 10
1564 3192 1924 3261 Praeceptum
1960 3192 2270 3246 obscurum.

761 3308 820 3319 -
1206 3282 1237 3345 5
1270 3282 1326 3331 11
1564 3277 1953 3346 Propertiones
1988 3275 2187 3346 pedum
2211 3291 2334 3331 cum
2366 3276 2852 3332 consonantiarum

1632 3360 2075 3431 proportionibus
2111 3362 2413 3416 convenire.

1251 3455 1310 3505 12
1331 3465 1367 3503 a
1564 3447 1649 3500 De
1673 3446 1848 3514 spatio
1875 3445 2106 3499 maximo
2132 3451 2188 3499 et
2212 3445 2432 3500 minimo
2454 3446 2511 3499 in
2535 3461 2636 3501 suo
2662 3446 2850 3500 cuius-

758 3529 823 3539 *
1069 3541 1140 3604 (p.
1159 3538 1475 3600 76,17-26)
1519 3465 1544 3599 }
1634 3547 1739 3599 que
1772 3531 1926 3600 pedis
1960 3544 2155 3597 genere
2190 3529 2312 3598 (frg.
2349 3529 2472 3585 Par.
2510 3532 2543 3598 5
2574 3534 2673 3598 11).

758 3698 823 3708 -
1068 3619 1474 3773 (p.7{‚}2261—'-29)
1516 3635 1646 3768 }De
1680 3682 1904 3721 numero
1941 3670 2060 3722 τῶν
2096 3668 2348 3739 σημείων
2383 3669 2652 3723 ποδικῶν.

535 3803 591 3856 p.
623 3790 707 3851 33,
732 3791 865 3841 2-9
1204 3789 1238 3855 5
1265 3792 1328 3841 14
1562 3787 1649 3841 De
1684 3801 1906 3842 numero
1944 3789 2063 3842 τῶν
2089 3783 2326 3858 χρόνων
2360 3787 2628 3842 ποόικῶν.

533 3887 588 3940 p.
627 3874 709 3939 33,
735 3875 921 3940 9—34,
948 3878 977 3927 5
1237 3901 1306 3912 —-
1564 3873 1707 3939 Περὶ
1752 3871 2003 3942 σημείων
2047 3877 2102 3923 et
2145 3865 2379 3944 χρόνων
2431 3872 2686 3926 ποόικῶν
2732 3870 2847 3924 alia

1631 3959 1941 4023 praecepta.

531 4058 585 4110 p.
615 4045 697 4107 34,
724 4043 891 4094 6-16
1204 4046 1234 4109 ξ
1264 4047 1325 4097 15
1561 4039 1646 4093 De
1680 4038 1879 4108 pedum
1926 4039 2293 4094 rationalitate
2334 4045 2389 4093 et
2422 4038 2845 4093 irrationalitate

1631 4125 1749 4193 (frg.
1788 4123 1914 4179 Par.
1950 4126 1983 4192 5
2007 4129 2076 4190 6).
