3177 4960
560 309 684 369 300
1515 308 1676 377 nugo
1710 307 1898 364 Jusatz

1024 499 1092 536 N
1169 486 1323 549 200:
1367 478 1632 558 κοινοὺς
1695 478 2048 566 αἰρόμενος
2108 476 2360 556 πόνους
2402 483 2553 566 Δίῳ
2598 477 2623 565 ΙΙ
2667 478 2878 546 παιδὶ

1369 584 1718 650 συναντλεῖ
1730 611 1751 665 ,·

725 688 870 774 Iph.
903 690 1098 757 Taur.
1167 692 1322 754 406:
1365 683 1638 771 βωμοὺς
1665 687 1775 751 καὶ
1810 689 2198 771 περικίονας
2227 682 2428 761 ναοὺς
2459 683 2482 768 ΙΙ
2515 682 2685 767 αἷμα
2713 683 2882 770 βρό-

1368 811 1584 871 τειον,·

1021 906 1095 943 N
1167 896 1320 957 420:
1366 882 1598 976 γνώμα
1644 881 1708 954 δ’
1762 887 1864 966 οἷς
1904 888 2026 972 μὲν
2071 884 2349 974 ἄκαιρος
2407 883 2641 972 ὄλβου,
2683 889 2694 973 Ι
2733 901 2882 965 τοῖς

1374 985 1438 1057 δ’
1492 988 1559 1069 ἐς
1602 995 1809 1074 μέσον
1852 987 2014 1079 ἥκει.

727 1096 868 1183 Iph.
903 1098 1095 1164 Taur.
1134 1101 1328 1163 1101:
1376 1093 1641 1179 δάφναν
1670 1088 1721 1160 τ’
1775 1087 2040 1178 εὐερνέα
2083 1094 2194 1160 καὶ
2239 1093 2523 1179 γλαυκᾶς
2555 1092 2579 1178 ΙΙ
2610 1090 2879 1160 θαλλὸν

1372 1195 1516 1281 ἱρὸν
1564 1195 1767 1275 ἐλάας

1031 1314 1104 1352 N
1141 1305 1334 1368 1118:
1383 1292 1639 1389 ζηλοῦσ’
1692 1293 1858 1366 ὅταν
1915 1295 2030 1365 διὰ
2083 1295 2337 1376 παντὸς
2390 1299 2401 1380 Ι
2454 1289 2880 1381 δυσδαίμον’·

1375 1400 1442 1469 ἐν
1486 1400 1613 1488 γὰρ
1658 1394 1995 1487 ἀνάγκαις.

728 1504 997 1590 Aliquot
1044 1512 1256 1574 autem
1304 1506 1464 1573 locis
1509 1505 1835 1572 invenitur
1879 1525 1958 1572 ea
2001 1510 2348 1572 metrorum
2393 1503 2760 1589 responsio,
2807 1510 2882 1571 ut

559 1611 625 1674 in
669 1607 874 1675 altera
919 1608 1185 1694 stropha
1228 1608 1546 1676 incidatur
1590 1615 1739 1692 post
1782 1606 2159 1692 spondeum,
2204 1627 2246 1672 a
2290 1625 2417 1691 quo
2463 1611 2734 1672 metrum
2781 1606 2879 1671 in-

561 1711 747 1793 cipit,
811 1711 876 1776 in
921 1712 1129 1778 altera
1172 1730 1439 1778 caesura
1483 1711 1568 1778 sit
1624 1716 1774 1795 post
1826 1710 2003 1777 basis
2045 1711 2327 1794 priorem
2373 1709 2691 1794 syllabam
2736 1709 2878 1777 lon-

561 1831 871 1898 gamque,
927 1814 1298 1897 insequatur
1353 1814 1600 1881 brevis:
1662 1812 1895 1880 Aesch.
1939 1812 2163 1897 Suppl.
2211 1814 2333 1878 578
2371 1832 2496 1897 sq.:
2560 1809 2878 1895 παύεται,

560 1912 858 1997 δακρύων
905 1907 969 1978 δ’
1010 1908 1412 1994 ἄπο-στάζει
1443 1913 1466 1999 ΙΙ
1501 1919 1840 1998 πένθιμον
1889 1913 2060 1980 αἰδῶ
2083 1923 2156 1962 Ν
2180 1917 2302 1981 586
2328 1935 2459 1999 sq.:
2503 1917 2607 1990 τίς
2635 1911 2762 2000 γὰρ
2796 1903 2882 1981 ὃν

558 2019 975 2082 κατέπαυσεν
1014 2008 1263 2100 ‘'H—pag
1315 2021 1324 2101 Ι
1378 2015 1615 2094 νόσους
1671 2015 2066 2101 ἐπιβούλους
2079 2045 2101 2099 ,-
2152 2017 2344 2084 Adde
2389 2016 2614 2101 Suppl.
2652 2020 2778 2081 642
2803 2027 2881 2068 N

564 2122 709 2184 655.
767 2120 889 2203 Ag.
921 2122 1047 2184 419
1074 2132 1147 2169 N
1172 2124 1314 2187 436.
1360 2118 1436 2186 Ο.
1469 2120 1539 2187 O.
1577 2124 1697 2185 127
1721 2133 1792 2170 N
1818 2125 1959 2188 159.
2011 2123 2174 2185 1212
2198 2134 2271 2172 N
2300 2122 2483 2185 1226.
2530 2119 2720 2187 Herc.
2755 2120 2880 2187 fur.

562 2225 686 2286 424
708 2241 790 2281 m
812 2226 971 2306 44¹5
1037 2228 1102 2289 et
1164 2223 1481 2306 glyconea
1537 2243 1655 2306 per
1712 2223 2096 2308 synaphiam
2156 2242 2300 2290 cum
2345 2221 2882 2291 antecedentibus

561 2343 688 2390 non
713 2324 1082 2391 coniuncta:
1115 2326 1262 2392 Ant.
1294 2329 1414 2391 100
1439 2339 1511 2378 N
1538 2330 1679 2392 117.
1710 2326 1847 2393 Alc.
1875 2330 1999 2392 974
2022 2341 2096 2379 N
2120 2326 2264 2390 963.
2291 2324 2448 2391 Hec.
2481 2326 2604 2390 468
2631 2337 2705 2375 N
2729 2330 2876 2391 477.

563 2424 696 2494 Sed
741 2427 1041 2513 exempla
1086 2435 1232 2496 sunt
1275 2428 1537 2512 rariora,
1585 2448 1776 2513 quam
1819 2434 1888 2495 ut
1932 2427 2085 2496 inde
2127 2429 2324 2495 aliam
2370 2426 2882 2496 irrationalitatis

561 2530 833 2596 formam
893 2530 1087 2597 liceat
1146 2530 1432 2615 efficere,
1490 2532 1869 2615 praesertim
1927 2551 2069 2597 cum
2114 2530 2476 2616 Aeschylus
2531 2530 2598 2595 in
2656 2531 2885 2597 metris

564 2631 956 2716 phalaeceis,
1006 2635 1239 2718 quibus
1271 2633 1567 2718 strophas
1602 2633 1908 2701 claudere
1939 2634 2121 2711 solet,
2169 2652 2251 2699 ne
2294 2634 2565 2699 alteram
2611 2631 2885 2716 quidem

561 2753 892 2800 caesuram
916 2784 932 2817 ,
979 2754 1146 2818 quae
1193 2742 1290 2804 est
1332 2742 1482 2803 ante
1527 2737 1875 2804 secundam
1922 2736 2328 2819 pherecratei
2374 2735 2695 2819 syllabam
2740 2734 2882 2800 lon-

564 2855 733 2920 gam,
765 2856 893 2903 non
922 2836 1234 2904 adhibeat
1266 2839 1512 2925 (Suppl.
1541 2843 1666 2904 664
1692 2859 1786 2923 sq.
1820 2852 1892 2891 N
1923 2841 2047 2904 676
2072 2859 2168 2923 sq.
2201 2840 2326 2904 686
2350 2857 2446 2922 sq.
2476 2848 2549 2886 N
2581 2840 2708 2904 696
2733 2838 2881 2921 sq.).

733 2938 1150 3007 Luculentius
1179 2948 1393 3008 autem
1425 2961 1529 3009 res
1558 2943 1942 3029 perspicitur
1986 2944 2053 3008 in
2084 2943 2178 3009 eis
2222 2943 2609 3025 tragicorum
2655 2940 2883 3024 glyco-

561 3039 720 3127 neis,
769 3061 936 3125 quae
983 3043 1312 3127 dactylum
1358 3046 1633 3129 cyclium
1678 3046 1867 3113 tertio
1914 3046 2056 3112 loco
2102 3044 2345 3111 habere
2387 3042 2512 3109 rati
2556 3043 2885 3127 glyconea

564 3143 994 3229 (glyconeosl)
1041 3147 1231 3213 tertia
1259 3148 1594 3231 appellare
1627 3153 2093 3215 consueverunt
2137 3147 2262 3212 viri
2309 3146 2501 3214 docti.
2592 3143 2883 3223 Quorum

561 3248 801 3330 primas
834 3250 1122 3333 syllabas
1153 3251 1339 3317 binas
1371 3270 1498 3316 una
1528 3271 1674 3317 cum
1706 3256 2061 3318 ceterorum
2107 3250 2566 3333 glyconeorum
2608 3247 2883 3314 basibus

562 3351 835 3417 absolvi.
925 3353 1139 3435 Atque
1168 3373 1209 3418 a
1239 3353 1520 3420 Pindaro
1554 3353 1816 3438 quidem
1849 3354 2034 3421 abest
2063 3353 2128 3418 in
2160 3352 2254 3419 eis
2293 3352 2590 3418 binorum
2633 3349 2884 3434 pedum

561 3457 710 3517 ante
757 3451 1085 3536 dactylum
1137 3457 1412 3539 cyclium
1457 3455 1934 3536 irrationalitas,
1979 3454 2095 3522 sed
2140 3454 2544 3520 irrationales
2594 3457 2758 3534 sunt,
2806 3458 2886 3518 ut

560 3570 757 3635 supra
820 3552 1190 3641 docuimus,
1248 3563 1359 3623 aut
1401 3558 1611 3623 altera
1655 3557 1792 3622 eius
1848 3557 2149 3642 glyconei
2195 3557 2451 3641 syllaba
2496 3575 2639 3622 cum
2682 3554 2887 3621 tertia

559 3653 698 3736 (Py.
733 3655 885 3720 VIII
916 3664 1022 3722 str.
1058 3665 1115 3742 5,
1161 3660 1343 3726 Nem.
1378 3660 1466 3726 VI
1495 3665 1603 3726 str.
1640 3661 1703 3738 3)
1747 3664 2116 3743 autquarta
2159 3679 2304 3725 cum
2350 3660 2573 3742 quinta
2614 3657 2742 3738 (Ol.
2782 3659 2888 3725 IX

561 3761 670 3824 str.
704 3759 789 3839 6),
822 3777 948 3823 non
978 3767 1304 3847 utraeque,
1350 3763 1471 3829 nisi
1504 3763 1569 3827 in
1601 3762 1918 3829 telesilleo
1950 3763 2136 3828 tertio
2167 3762 2513 3845 incipiente
2543 3761 2754 3839 (Nem.
2790 3761 2891 3828 IV

561 3864 668 3925 str.
703 3862 762 3942 2,
806 3859 906 3926 Ol.
939 3862 1036 3926 IX
1069 3883 1167 3946 ep.
1203 3866 1287 3939 4).
1378 3865 1638 3949 Tragici
1686 3883 1838 3931 vero
1885 3871 2182 3949 quattuor
2227 3864 2522 3931 omnibus
2569 3864 2892 3950 deinceps

559 3961 831 4044 syllabis
888 3962 1365 4033 irrationalibus
1421 3968 1520 4034 usi
1581 3972 1745 4034 sunt.
1832 3967 1929 4033 Ac
1987 3968 2053 4033 in
2110 3973 2338 4050 quarta
2396 3966 2657 4049 quidem
2719 3967 2893 4035 sede

558 4063 755 4148 longa
799 4075 864 4137 et
907 4070 1123 4137 brevis
1167 4070 1332 4136 inter
1363 4088 1432 4136 se
1462 4089 1660 4153 saepe
1706 4069 2096 4154 respondent
2141 4089 2225 4137 ex
2268 4070 2417 4152 lege
2447 4068 2894 4138 Porsoniana:
