3177 4960
847 326 931 383 De
963 325 1385 384 irrationalstate
1418 326 1601 383 studia
1635 327 1956 398 rhythmica.
2430 328 2507 389 31
2521 330 2553 387 1

236 499 578 585 glyconeis
620 518 776 566 vero
820 499 1192 568 adscribere
1234 521 1363 568 non
1409 501 1634 568 dubito
1680 499 1787 568 Or.
1822 502 1975 567 836:
2034 494 2354 584 Εὐμενίσι
2398 492 2556 580 (Εὖ-

235 606 508 685 μενίσιν
536 601 894 681 Seidlerus)
934 606 944 677 Ι
981 600 1265 687 θήραμα
1310 600 1499 689 φόνῳ
1530 604 1696 670 inter
1739 604 2057 687 glyconea
2099 604 2290 670 tertia
2333 604 2555 671 inven-

236 711 407 789 tum;
453 705 600 771 Hel.
635 706 788 770 521:
833 702 1232 789 τρυχόμενος
1268 707 1279 787 Ι
1319 699 1511 770 οὔπω
1549 705 1852 789 λιμένων,
1899 712 2047 789 post
2074 706 2461 773 telesilleum
2492 713 2558 773 et

238 814 391 874 ante
435 806 928 891 pherecrateum
974 808 1075 888 (cf.
1115 809 1224 875 Ar.
1271 808 1431 875 Ran.
1469 811 1633 875 1315
1657 810 1812 892 sq.);
1873 809 1939 875 in
1983 827 2175 876 versu
2221 808 2365 876 Hel.
2400 810 2555 873 520:

241 902 399 973 ἀλλ’
463 907 564 975 ἔτι
605 901 751 973 κατ’
817 900 1001 990 οἶδμ’
1056 900 1248 976 ἅλιον
1292 911 1547 978 unicum
1596 913 1664 976 in
1709 910 2024 978 telesilleo
2068 911 2335 978 alterius
2382 910 2556 978 sedis

235 1017 391 1097 post
417 1012 696 1095 primam
741 1012 1000 1095 longam
1034 1012 1282 1079 solutae
1319 1013 1689 1097 exemplum
1736 1013 1919 1081 inest.
2009 1011 2199 1091 Quod
2228 1012 2557 1079 anacrusis

240 1119 431 1182 extra
489 1112 856 1197 rhythmum
917 1114 1168 1196 positae
1236 1114 1534 1181 libertate
1592 1114 2030 1183 excusandum
2091 1120 2216 1197 est;
2287 1120 2555 1181 metrum

240 1216 413 1285 enim
475 1215 724 1282 initium
786 1216 943 1283 facit
1000 1215 1288 1298 periodo.
1337 1252 1420 1261 —
1464 1215 1670 1282 Paulo
1719 1217 2072 1284 crebriores
2128 1216 2195 1281 in
2240 1216 2556 1301 glyconeo

238 1320 435 1388 tertio
460 1324 608 1386 sunt
629 1319 858 1385 tertiae
880 1318 1256 1401 solutiones,
1288 1320 1342 1385 si
1367 1320 1691 1401 utrimque
1713 1319 1958 1401 sepitur
1982 1318 2194 1384 brevi:
2226 1318 2328 1384 Ai.
2362 1321 2556 1384 1185:

238 1426 345 1498 τίς
381 1414 511 1506 ἄρα
542 1423 776 1496 νέατος
807 1419 830 1501 ΙΙ
863 1416 932 1496 ἐς
961 1418 1134 1485 πότε
1163 1418 1381 1504 λή-τξέι
1405 1436 1476 1505 ,Ὗ
1508 1424 1704 1503 1192;
1746 1422 1895 1488 Ant.
1934 1422 2054 1486 108
2083 1431 2157 1470 Ν
2193 1424 2336 1503 125,
2366 1420 2557 1488 Herc.

239 1527 362 1593 fur.
403 1526 528 1590 682
552 1544 648 1608 sq.
707 1529 802 1600 (m
834 1524 958 1588 696
983 1526 1105 1607 sq.)
1153 1523 1295 1590 Hel.
1335 1527 1497 1589 1347
1532 1534 1605 1571 Ν
1641 1526 1821 1589 1363.
1867 1523 2102 1591 Bacch.
2151 1524 2275 1588 874
2308 1538 2381 1576 m
2415 1526 2559 1588 894.

239 1626 387 1712 Iph.
419 1627 567 1693 Aul.
603 1627 723 1691 168
749 1641 821 1678 ω
852 1628 991 1691 189.
1045 1629 1207 1691 1037
1231 1638 1304 1677 ω
1331 1629 1513 1692 1059.

417 1729 571 1795 Alia
626 1735 841 1796 autem
900 1729 1086 1796 metri
1146 1728 1447 1796 telesillei
1503 1728 1710 1795 forma
1767 1728 1851 1793 ab
1896 1727 2207 1811 Euripide
2267 1727 2562 1794 adhibita

240 1851 389 1900 esse
432 1832 690 1899 videtur
719 1833 785 1897 in
813 1831 1226 1916 periodorum
1272 1830 1578 1915 exordiis,
1626 1849 1792 1914 quae
1823 1850 1940 1913 pro
1969 1830 2186 1897 iambo
2232 1831 2339 1897 vel
2369 1849 2559 1914 spon-

241 1936 369 2003 deo
425 1935 773 2019 incipiente
829 1939 1249 2017 anapaestum
1307 1933 1521 2001 habet.
1611 1935 1699 1999 At
1742 1935 1807 1999 in
1853 1953 1932 2000 ea
1976 1931 2270 2018 duplices
2328 1934 2563 2000 breves

244 2059 377 2106 non
437 2059 474 2104 e
532 2039 765 2120 longae
825 2037 1213 2103 irrationalis
1257 2036 1575 2103 solutione
1636 2041 1806 2103 ortas
1851 2054 1993 2102 esse
2052 2035 2120 2101 id
2178 2036 2562 2103 documento

243 2147 377 2223 est,
437 2139 611 2225 quod
670 2159 788 2224 pro
847 2140 942 2206 eis
1000 2158 1315 2222 nusquam
1370 2138 1694 2205 invenitur
1748 2139 1975 2221 longa,
2034 2138 2272 2206 nedum
2327 2139 2562 2221 brevis,

247 2242 364 2311 sed
410 2243 645 2310 breves
690 2241 879 2325 duae,
926 2261 1068 2309 cum
1116 2242 1526 2308 inveniuntur
1570 2242 1637 2306 in
1667 2240 1951 2325 stropha,
1998 2240 2268 2308 eaedem
2311 2259 2565 2324 semper

247 2351 474 2413 extant
527 2346 593 2410 in
651 2343 1056 2427 antistropha
1118 2343 1404 2429 (Hippoi.
1472 2346 1596 2407 755
1628 2357 1699 2395 ω
1733 2345 1878 2407 767.
1955 2346 2077 2406 757
2103 2359 2175 2394 oe
2202 2344 2344 2406 769.
2403 2342 2560 2409 Hec.

246 2452 371 2515 905
412 2459 488 2498 m
532 2451 676 2514 914.
755 2450 879 2513 909
927 2457 996 2496 ‘v
1042 2449 1186 2513 918.
1257 2448 1479 2512 91οΝ
1510 2448 1656 2511 919.
1716 2447 1837 2512 927
1870 2459 1943 2497 m
1975 2446 2118 2511 937.
2182 2446 2564 2511 634Ν643.

245 2550 549 2620 Heracld.
611 2555 732 2616 750
758 2567 832 2604 Ν
856 2554 999 2617 761.
1063 2554 1207 2617 373.
1263 2551 1399 2617 Ion.
1460 2551 1585 2613 460
1610 2562 1684 2600 ’ν
1707 2551 1850 2613 480.
1925 2550 2046 2612 468
2086 2566 2179 2630 sq.
2206 2563 2278 2599 ‘v
2303 2550 2427 2612 488
2465 2567 2561 2632 sq.

250 2656 413 2720 1078
442 2664 520 2705 (Ὁ
548 2657 731 2719 1094.
789 2653 887 2719 ΕΙ.
938 2656 1056 2718 167
1082 2662 1157 2699 Ν
1185 2654 1326 2718 190.
1376 2654 1498 2716 709
1521 2664 1602 2704 Ν
1627 2654 1769 2717 722.
1818 2653 1941 2717 733
1969 2662 2043 2702 Ν
2067 2653 2219 2729 743,
2275 2670 2397 2717 nec
2439 2669 2567 2716 non

244 2759 381 2826 Ion.
432 2760 586 2823 458:
643 2754 808 2839 μόλε
851 2754 1126 2822 Πύθιον
1171 2751 1352 2821 οἶκον
1407 2746 1832 2837 Οὗ-λύμπου
1884 2753 2180 2840 χρυσέῳν
2230 2750 2567 2835 θαλάμων

245 2874 316 2915 ἰ
343 2861 504 2925 478:
552 2857 943 2944 διαδέκτορα
987 2859 1282 2924 πλοῦτον
1326 2852 1419 2934 ὥς
1465 2855 1724 2934 ἕξοντες
1769 2855 1838 2923 ἐκ
1880 2860 2229 2943 πατέρων,·
2274 2859 2372 2924 ΕΙ.
2408 2859 2567 2923 699:

247 2954 506 3039 ἆταλᾶς
548 2956 682 3027 ὑπὸ
744 2958 999 3047 ματρὸς
1041 2953 1396 3047 ᾍρήκηίων
1444 2960 1580 3026 κτλ.
1607 2976 1679 3013 ’ν
1706 2964 1860 3027 713;
1915 2962 2213 3044 θυμέλαι
2259 2951 2323 3025 δ’
2377 2957 2569 3026 ἐπίτ-

247 3089 449 3131 ναντο
491 3062 930 3151 χρυ-σήλατοι
973 3064 1109 3129 κτλ.
1164 3064 1310 3149 Iph.
1357 3066 1550 3131 Taur.
1601 3067 1757 3131 396:
1801 3056 2153 3153 Ἀσιήτιδα
2195 3075 2394 3149 γαῖαν
2440 3055 2569 3127 Εὐ·

248 3165 489 3253 ρώπας
513 3166 885 3250 διαμείψας
904 3176 978 3217 Ν
1003 3172 1119 3232 411
1144 3190 1158 3233 :
1206 3163 1668 3254 φιλόπλουτον
1693 3164 1980 3250 ἅμιλλαν
2005 3159 2350 3243 αὕ-ξοντες
2370 3160 2570 3245 μελά-

245 3272 572 3356 θροισιν).
662 3269 831 3349 Quin
875 3270 1199 3337 invenitur
1242 3271 1309 3335 in
1341 3270 1436 3337 eis
1481 3271 1787 3337 brevibus
1817 3269 2063 3337 vocalis
2093 3273 2244 3334 ante
2274 3267 2568 3334 vocalem

248 3374 602 3457 correptio:
662 3372 966 3440 Heracld.
1031 3373 1184 3437 768:
1245 3369 1378 3452 ἔχει
1437 3365 1691 3436 οὔποτε
1744 3371 2112 3436 θνατιῦνὼ
2142 3374 2295 3435 757:
2354 3367 2572 3445 ἱκέτας

247 3470 683 3555 ὖποδεχθείς.
785 3475 1029 3542 Breves
1096 3475 1291 3558 igitur
1349 3475 1595 3542 faciunt
1650 3480 1902 3557 tempus
1961 3493 2089 3540 non
2145 3472 2571 3557 compositum

247 3574 420 3643 κατὰ
449 3573 570 3662 τὴν
600 3577 720 3663 τῆς
750 3575 1214 3662 ῥυθμοποιίας
1240 3577 1495 3663 χρῆσιν,
1528 3576 1643 3644 sed
1679 3570 1913 3652 ἅπλῶς
1945 3573 2292 3641 σύνθετον.
2382 3574 2571 3642 Unde

252 3682 466 3749 elucet
498 3686 700 3747 metra
739 3680 856 3746 illa
899 3680 1252 3764 telesilleis,
1302 3699 1468 3764 quae
1512 3680 1855 3747 decasema
1884 3699 2026 3747 esse
2069 3678 2359 3765 putanda
2405 3684 2571 3758 sunt,

253 3803 383 3850 non
430 3802 575 3850 esse
617 3782 1065 3866 adscribenda,
1113 3782 1231 3851 sed
1275 3801 1429 3850 vere
1474 3781 1892 3866 logaoedicis.

425 3884 746 3970 Glyconei
791 3886 1073 3970 spatium
1118 3884 1401 3952 admittit
1444 3904 1642 3951 unum
1688 3891 1931 3952 tantum
1979 3883 2341 3968 dactylum3
2397 3880 2570 3948 unde

254 3993 599 4072 exceptum
632 4006 775 4054 esse
805 3989 1081 4072 primum
1111 3987 1364 4072 periodi
1395 3994 1666 4056 metrum
1710 3994 1975 4074 propter
2003 3986 2331 4054 anacrusis
2374 3984 2568 4051 licen-

255 4091 412 4156 tiam
445 4109 643 4174 supra
670 4091 1112 4173 cognovimus.
1201 4089 1506 4175 Sequitur
1536 4098 1751 4159 autem
1779 4092 1862 4158 ab
1893 4110 1972 4157 eo
2016 4089 2351 4173 glyconeo‚
2396 4084 2569 4152 unde
