3177 4960
859 329 944 384 De
975 327 1394 384 irrationalium
1426 328 1608 384 studia
1641 328 1959 398 rhythmica.
2441 330 2565 391 299

239 511 469 572 autem
497 524 541 571 a
570 503 713 571 basi
742 500 1114 570 trochaeum
1147 503 1422 570 exclusit
1449 504 1764 585 Anacreo‚
1812 505 2098 587 sequitur
2124 507 2560 575 irrationalem

238 605 612 693 spondeum
644 606 737 672 ita
767 611 974 672 ortum
1007 624 1168 689 esse,
1215 610 1285 670 ut
1329 604 1670 688 posteriori
1716 605 2033 674 iambicae
2075 608 2250 675 basis
2294 612 2569 694 tempori

239 707 505 794 aliquid
548 706 1015 791 detraheretur,
1059 706 1407 774 adderetur
1436 708 1655 792 priori.
1742 708 1970 793 Itaque
2001 709 2317 777 eiusmodi
2346 718 2568 792 metra,

242 831 421 896 quae
479 831 612 877 non
670 810 1013 877 admittunt
1070 810 1254 877 basin
1312 808 1705 878 trochaicam
1722 860 1739 894 ,
1808 810 1925 878 sed
1981 812 2325 880 iambicam
2342 864 2358 897 ‚
2423 814 2568 882 basi

242 916 398 999 ipsa
427 914 760 982 continere
792 932 1025 981 censeo
1062 912 1251 980 sedes
1296 912 1720 996 irrationaleS‚
1770 933 1937 998 quae
1979 914 2223 982 faciunt
2267 906 2568 1000 ἀριθμὸν

241 1020 599 1103 τρίσημον.
691 1017 1001 1101 Apertum
1049 1022 1148 1083 est
1192 1017 1405 1099 igitur,
1458 1036 1570 1083 cur
1613 1015 1908 1084 Anacreo
1952 1018 2272 1102 glyconea
2314 1038 2571 1103 semper

242 1118 501 1187 incidat
543 1125 693 1203 post
737 1118 949 1186 thesin
991 1117 1250 1186 finalem
1279 1138 1490 1204 neque
1535 1125 1808 1186 metrum
1856 1119 2122 1205 incipiat
2163 1141 2205 1186 a
2248 1122 2565 1190 vocabulo

242 1222 733 1307 monosyllabo,
794 1222 919 1288 nisi
975 1220 1141 1288 forte
1199 1220 1268 1287 id
1324 1241 1468 1288 cum
1525 1228 1835 1304 sequente
1880 1223 2197 1290 vocabulo
2241 1229 2379 1291 arte
2424 1244 2571 1292 con-

246 1326 542 1392 iunctum
590 1330 718 1391 est:
776 1323 1026 1391 scilicet
1066 1343 1149 1390 ne
1193 1343 1462 1391 caesura
1503 1330 1653 1407 post
1703 1325 1975 1408 primam
2032 1327 2331 1410 glyconei
2377 1328 2573 1412 sylla·

246 1428 402 1494 bam
451 1425 890 1493 intercedente
936 1425 1328 1493 divellantur
1369 1433 1663 1510 tempora
1705 1427 2123 1495 irrationalia.

1120 1747 1409 1816 CAPUT
1454 1748 1692 1814 XVIII.

545 1881 666 1961 De
719 1887 1165 1983 traqz'corum
1216 1886 1466 1961 metris
1505 1882 2276 1985 pseudoloqaoedz'czls.

428 2041 568 2107 Iam
625 2047 1023 2108 transeamus
1066 2039 1153 2105 ad
1209 2039 1598 2123 tragicorum
1654 2040 1721 2105 in
1780 2041 1999 2108 metris
2063 2040 2573 2127 pseudologaoe-

255 2144 422 2211 dicis
467 2162 674 2210 usum.
764 2142 890 2223 Qui
949 2144 1014 2209 in
1060 2143 1279 2210 metris
1337 2143 1502 2209 inter
1545 2162 1617 2209 se
1661 2143 2200 2228 respondentibus
2244 2146 2569 2213 rarissime

258 2251 521 2313 utuntur
577 2265 882 2313 caesurae
939 2244 1285 2326 varietate,
1344 2244 1462 2312 sed
1505 2246 1887 2330 plerumque
1934 2265 2286 2330 caesuram,
2333 2267 2463 2332 qua
2505 2249 2583 2315 in-

254 2346 527 2432 stropha
549 2349 649 2414 usi
673 2355 837 2431 sunt,
870 2346 1142 2414 eandem
1174 2349 1241 2412 in
1270 2345 1675 2429 antistropha
1701 2345 2151 2431 adhibuerunt,
2183 2368 2310 2433 quo
2335 2349 2574 2417 factum

255 2457 373 2535 est,
422 2456 495 2517 ut
522 2448 827 2534 periodos
858 2450 923 2516 in
953 2456 1161 2518 metra
1203 2448 1579 2517 dissoluisse
1625 2447 2009 2517 dicerentur.
2099 2450 2343 2519 Maiore
2375 2453 2568 2519 etiam

256 2572 567 2622 caesurae
610 2554 910 2621 libertate
940 2572 1092 2620 usus
1137 2558 1234 2620 est
1263 2551 1623 2636 Euripides.
1712 2552 1907 2636 Apud
1952 2572 2142 2637 quem
2185 2574 2394 2637 pauca
2438 2557 2576 2623 eius

255 2657 699 2741 responsionis
747 2655 1048 2739 exempla
1100 2655 1395 2740 invenio,
1456 2655 1520 2719 in
1580 2655 1812 2739 quibus
1857 2656 2069 2740 legem
2112 2657 2573 2725 Porsonianam

256 2765 582 2828 servatam
642 2778 783 2827 esse
845 2758 1125 2825 eluceat:
1184 2756 1354 2824 Med.
1388 2760 1511 2822 650
1542 2776 1674 2841 sq.:
1733 2749 1923 2822 τάνδ’
1988 2754 2364 2835 ἐξανύσασα
2409 2758 2573 2843 μόχ-

254 2865 407 2927 θων
458 2862 470 2943 Ι
524 2853 592 2925 δ’
661 2853 777 2926 οὒκ
834 2854 1035 2936 ἄλλος
1089 2857 1391 2943 ὕπερθεν
1447 2847 1490 2944 ἢ
1534 2871 1607 2908 Ν
1653 2863 1776 2925 660
1814 2880 1942 2946 sq.:
1999 2863 2202 2944 τιμᾶν
2257 2860 2570 2949 καθαρὰν

258 2959 620 3043 ἀνοίξαντα
653 2963 677 3048 ΙΙ
706 2962 915 3050 κλῇὸα
961 2963 1251 3049 φρενῶν·
1300 2959 1471 3045 ἐμοὶ,
1526 2973 1592 3030 et
1633 2963 1831 3048 Hipp.
1882 2968 2006 3030 765
2037 2981 2109 3018 ‘v
2142 2968 2286 3031 753.
2333 2967 2570 3035 Troad.

262 3072 426 3135 1062
454 3084 528 3121 Ν
557 3069 739 3133 1073.
786 3066 886 3132 ΕΙ.
921 3067 1043 3130 199
1068 3081 1141 3118 oe
1171 3068 1312 3131 176.
1357 3066 1501 3133 Hel.
1538 3068 1703 3131 1482
1730 3082 1802 3119 ω
1829 3070 2012 3134 1499.

430 3169 700 3237 Constat
762 3176 976 3235 autem
1042 3169 1171 3235 iam
1225 3169 1309 3235 ab
1366 3167 1696 3252 Aeschylo
1765 3170 1833 3235 in
1889 3169 2030 3235 basi
2088 3169 2388 3252 glyconei
2445 3189 2574 3236 non
2672 3228 2681 3234 .

260 3272 631 3358 incipientis
687 3271 1025 3357 periodum
1083 3272 1363 3356 positum
1419 3290 1562 3338 esse
1620 3270 1979 3353 spondeum
2024 3271 2145 3353 ita,
2200 3276 2272 3336 ut
2315 3271 2382 3335 in
2427 3289 2576 3337 eum

260 3377 587 3445 desineret
617 3376 906 3458 verbum,
939 3375 1119 3442 velut
1161 3375 1338 3441 Pers.
1372 3376 1527 3438 635:
1576 3368 1813 3455 αἰ-ανῆ
1844 3370 1868 3455 ΙΙ
1902 3368 2206 3456 δύσθροα
2228 3370 2578 3457 mimam,-

259 3495 327 3533 “a
360 3481 520 3544 644:
569 3478 844 3562 Περσᾶν
876 3476 899 3558 ΙΙ
933 3477 1292 3565 Σουσιγενῆ
1333 3473 1537 3560 θεόνς
1582 3473 1782 3559 Soph.
1818 3475 1916 3541 El.
1955 3477 2075 3541 123
2098 3490 2170 3527 ‘v
2199 3478 2342 3561 139,
2391 3476 2466 3544 O.
2498 3478 2572 3544 R.

264 3586 429 3648 1203
470 3584 566 3660 (m
607 3582 795 3660 1194)
840 3581 985 3647 Ant.
1034 3583 1158 3647 333
1183 3592 1255 3629 m
1281 3583 1424 3645 344.
1484 3579 1609 3643 832
1632 3581 1729 3651 (Ν
1752 3578 1924 3657 815).
2024 3578 2272 3646 Tamen
2314 3581 2382 3645 in
2423 3589 2583 3648 stro·

264 3685 540 3770 pharum
573 3685 739 3750 inter
769 3702 840 3751 se
869 3682 1393 3767 respondentium
1424 3683 1630 3749 altera
1659 3700 1990 3748 caesuram
2020 3687 2170 3749 ante
2198 3683 2372 3750 arsin
2402 3683 2582 3750 illam

265 3787 703 3856 irrationalem
747 3787 1004 3870 longam
1051 3786 1433 3853 collocatam
1477 3803 1621 3851 esse
1638 3834 1656 3865 ,
1714 3784 1782 3850 in
1824 3786 2031 3852 altera
2073 3791 2222 3869 post
2265 3804 2408 3853 eam
2453 3806 2582 3853 non

263 3891 523 3959 invenio
569 3889 696 3956 nisi
740 3889 808 3955 in
852 3888 1183 3974 Euripidis
1227 3888 1462 3955 fabulis
1507 3887 1971 3971 posterioribus
2014 3893 2259 3956 aetate:

657 3992 794 4058 Ion.
873 3993 1023 4058 189:
1070 3991 1169 4075 τῷ
1209 3990 1490 4066 Λατοῦς
1532 3987 1832 4073 διδύμων
1877 3987 2267 4077 προσώπων
2304 3990 2314 4073 Ι
2352 3989 2582 4055 καλλι-

1079 4094 1421 4180 βλέφαρον
1466 4094 1632 4180 φῶς.
