3177 4960
615 337 740 397 330
1583 331 1741 401 Hugo
1778 331 1967 388 Jusatz

786 507 1069 588 Quarum
1115 507 1336 588 tertia,
1382 506 1447 570 in
1493 525 1623 588 qua
1665 504 2077 572 ditrochaeus
2123 503 2392 571 inclinat
2433 503 2520 571 ad
2562 503 2836 571 ionicum
2874 524 2909 570 a

616 614 881 695 minore,
926 610 1155 677 eadem
1201 607 1398 674 utitur
1441 606 1955 674 irrationalitatis
1984 606 2224 691 specie,
2273 624 2439 689 quae
2470 606 2639 674 inest
2680 607 2748 672 in
2788 625 2905 675 me·

613 716 730 781 tris
785 711 1221 781 anaclomenis
1279 716 1345 776 et
1397 710 1467 775 in
1524 710 1754 776 ultima
1809 708 2081 775 trimetri
2140 707 2400 775 iambici
2462 714 2528 774 et
2569 709 2906 775 tetrametri

613 814 925 883 trochaici
969 812 1255 896 syzygia,
1301 810 1426 878 nisi
1468 809 1642 894 quod
1674 810 1862 878 sedes
1892 810 2297 877 irrationales
2327 829 2455 876 non
2486 811 2759 892 vicinae,
2801 809 2907 877 sed

614 917 1004 1003 temporibus
1060 913 1482 981 rationalibus
1536 919 1878 998 separatae
1934 917 2111 996 sunt,
2172 931 2299 995 quo
2345 911 2446 997 fit,
2505 918 2575 978 ut
2627 903 2906 995 ἀριθμὸς

613 1016 809 1105 ῥητὰς
854 1020 1006 1086 insit
1047 1018 1115 1084 in
1159 1016 1509 1084 hexasemo
1554 1017 1814 1084 demum
1858 1016 2087 1100 spatio.

1476 1304 1764 1372 CAPUT
1808 1303 2051 1369 XXIII.

613 1438 730 1518 De
784 1441 1015 1518 altero
1061 1446 1456 1542 temporum
1510 1439 2040 1515 errationalium
2095 1436 2375 1514 ordine.
2484 1434 2604 1513 De
2641 1438 2910 1516 duabus

1124 1559 1709 1636 irrationalitates·
1762 1557 2076 1658 duplicis*
2117 1559 2405 1654 formis.

783 1715 884 1781 De
943 1720 1297 1782 ceterarum
1357 1714 1884 1799 penthemimeris
1944 1712 2293 1778 formarum
2349 1711 2533 1778 initio
2590 1713 2721 1778 iam
2765 1714 2910 1780 satis

611 1816 852 1883 dictum
899 1823 1030 1896 est3
1075 1822 1274 1884 restat
1318 1823 1389 1883 ut
1432 1816 1515 1883 de
1560 1835 1779 1882 earum
1814 1813 1939 1881 fine
1969 1814 2324 1897 loquamur.
2398 1814 2473 1879 In
2505 1834 2632 1897 quo
2665 1816 2914 1883 inversa

612 1923 710 1983 est
770 1917 976 1984 altera
1031 1918 1540 1983 irrationalitatis
1592 1917 1800 1983 forma
1818 1965 1835 1999 ,
1893 1935 2041 1981 nam
2087 1915 2250 1981 arsis
2297 1915 2687 1983 irrationalis
2732 1915 2911 1999 thesi,

610 2018 694 2085 ad
743 2037 936 2103 quam
980 2020 1333 2101 confertur,
1392 2038 1519 2084 non
1563 2017 1918 2096 antecedit,
1980 2015 2098 2083 sed
2153 2017 2440 2099 sequitur
2485 2037 2648 2084 eam.
2740 2016 2913 2097 Quae

611 2140 737 2204 quo
782 2121 1039 2187 facilius
1086 2121 1516 2205 intellegatur,
1563 2120 1963 2187 delineemus
2008 2120 2365 2186 tetrametri
2410 2120 2602 2187 totius
2650 2121 2912 2188 formam

612 2244 775 2307 eam,
821 2223 908 2290 ad
953 2243 1147 2307 quam
1191 2223 1579 2290 irrationalis
1625 2223 1934 2289 inclinare
1979 2219 2323 2288 statuenda
2368 2227 2496 2288 est:

1262 2341 1297 2379 ι
1315 2338 1420 2407 Ὠμε
1442 2369 1478 2377 -
1500 2340 1545 2385 J,
1561 2339 1668 2406 013,
1688 2369 1747 2403 ..‚
1765 2338 1942 2413 '4⁹12'-
1965 2368 2001 2376 -
2022 2339 2068 2384 φ
2084 2329 2257 2415 2³13]-

2195 2396 2237 2438 Λ

779 2462 964 2544 Quae
1008 2464 1063 2531 si
1110 2468 1323 2530 nostro
1368 2482 1546 2529 more
1594 2460 1903 2528 dividitur
1946 2461 2013 2526 in
2043 2466 2250 2530 tactus
2296 2460 2702 2545 hexasemos,
2754 2483 2911 2531 com·

608 2568 866 2651 ponitur
894 2566 1170 2651 primum
1194 2584 1278 2632 ex
1301 2565 1597 2632 anacrusi
1627 2563 1973 2646 trochaica,
2005 2565 2293 2646 sequitur
2323 2564 2570 2631 ionicus
2588 2584 2633 2630 a
2656 2565 2912 2646 maiore,

538 2666 547 2674 ’
609 2671 719 2754 qui
776 2669 1043 2736 inclinat
1084 2668 1169 2734 ad
1215 2668 1542 2752 epitritum
1588 2672 1884 2750 quartum
1927 2668 1998 2745 ('-'
2016 2679 2068 2720 ἐκ
2087 2686 2126 2721 ι
2146 2666 2212 2742 υ)
2234 2716 2250 2749 ,
2308 2666 2393 2733 ad
2440 2686 2634 2749 quam
2676 2667 2912 2751 pedum

611 2772 1100 2839 hexasemorum
1157 2769 1668 2836 vicissitudinem
1721 2774 1926 2835 metra
1980 2769 2401 2836 anaclomena
2458 2768 2668 2852 redigi
2727 2788 2914 2853 posse

607 2880 899 2957 apertum
930 2879 1061 2955 est;
1105 2878 1240 2938 tum
1270 2873 1682 2955 antispastus,
1729 2873 1793 2936 in
1825 2891 1951 2955 quo
1988 2878 2278 2955 tempora
2307 2872 2435 2938 duo
2467 2873 2705 2956 priora,
2756 2891 2913 2956 quae

607 2976 807 3042 iambi
865 2975 1148 3059 speciem
1205 2974 1548 3059 praebent,
1618 2994 1762 3040 cum
1821 2975 2085 3041 feriatur
2141 2975 2394 3059 brevis,
2462 2975 2780 3042 inclinant
2832 2975 2911 3041 ad

606 3078 995 3147 trochaeum.
1087 3076 1293 3155 Quem
1350 3077 1773 3160 antispastum
1834 3078 2120 3160 sequitur
2165 3096 2380 3144 rursus
2425 3078 2675 3144 ionicus
2722 3077 2835 3145 ille
2876 3097 2911 3143 a

607 3183 868 3265 maiore,
915 3180 1195 3264 denique
1225 3185 1496 3246 metrum
1541 3179 1863 3246 clauditur
1891 3179 2061 3247 thesi
2092 3186 2156 3246 et
2184 3186 2475 3263 tempore
2504 3180 2704 3263 inani,
2753 3198 2909 3264 quae

603 3284 689 3352 ad
711 3285 1053 3353 anacrusin
1076 3282 1302 3350 addita
1331 3283 1658 3366 complent
1688 3283 1969 3367 spatium
2000 3280 2435 3349 hexasemum.
2482 3282 2556 3347 In
2589 3301 2719 3364 quo
2744 3288 2907 3350 tactu

604 3386 982 3470 hexasem0,
1007 3388 1063 3453 si
1086 3385 1296 3453 thesin
1327 3391 1681 3452 extremam
1711 3403 1854 3452 esse
1883 3385 2169 3469 brevem,
2200 3390 2453 3468 tempus
2484 3385 2678 3451 inane
2700 3392 2906 3452 autem

605 3489 920 3555 disemum
953 3507 1094 3555 esse
1125 3489 1480 3570 statuimus,
1529 3487 1759 3554 eadem
1790 3487 1980 3554 inerit
2008 3487 2346 3571 antispasti
2376 3484 2601 3569 figura,
2652 3506 2819 3570 quae
2847 3488 2906 3552 in

604 3591 825 3657 altero.
915 3591 1062 3656 Iure
1106 3592 1301 3674 igitur
1346 3590 1561 3657 dicere
1606 3609 1963 3674 possumus,
2010 3595 2443 3656 tetrametrum
2487 3588 2907 3672 redigendum
2952 3600 2965 3607 ’

606 3712 748 3760 esse
792 3692 877 3759 ad
922 3699 1127 3759 tactus
1171 3692 1557 3760 hexasemos
1605 3692 1696 3758 ita
1739 3693 2041 3777 alternos,
2095 3698 2166 3758 ut
2208 3692 2375 3758 alius
2419 3690 2505 3756 ad
2550 3691 2830 3759 ionicum
2872 3713 2910 3757 a

604 3796 863 3878 maiore,
908 3795 1074 3861 alius
1117 3795 1203 3861 ad
1247 3796 1668 3879 antispastum
1714 3793 1995 3861 inclinet.
2083 3794 2158 3859 In
2190 3795 2477 3860 trimetro
2507 3799 2728 3860 autem
2756 3796 2908 3861 iam·

603 3899 750 3965 bico
796 3897 987 3963 modo
1034 3896 1161 3963 duo
1207 3903 1413 3965 tactus
1459 3896 1544 3964 ad
1588 3898 1867 3964 ionicum
1912 3896 2240 3981 inclinant,
2295 3915 2456 3962 unus
2501 3894 2586 3960 ad
2631 3898 2906 3981 antispa-

604 4009 789 4086 stum,
836 3998 1028 4066 modo
1061 3999 1189 4066 duo
1220 3999 1303 4066 ad
1335 4001 1777 4083 antispastum,
1812 4019 1972 4067 unus
2002 3997 2087 4065 ad
2117 3999 2415 4082 ionicum,
2461 3997 2659 4064 modo
2693 4018 2907 4066 omnes

603 4113 732 4174 tres
775 4103 863 4172 ad
908 4102 1200 4170 ionicum.
1277 4102 1719 4169 Paenultimus
1751 4104 1921 4169 enim
1966 4108 2190 4180 tactus,
2238 4102 2347 4185 qui
2393 4101 2620 4185 incipit
2663 4123 2707 4167 a
2749 4100 2905 4168 thesi
