3177 4960
858 373 943 428 De
976 373 1391 430 irrationalitate
1425 372 1610 430 studia
1644 373 1965 443 rhythmica.
2449 374 2570 432 189

1185 749 1476 817 CAPUT
1520 746 1636 814 III.

610 881 730 959 De
771 885 1078 981 fontium
1130 882 1697 984 rhythmicorum
1752 887 2204 961 auctoritate.

425 1038 588 1105 Cum
619 1039 814 1122 igitur
844 1040 939 1105 eis
970 1040 1149 1122 locis,
1180 1038 1263 1104 de
1294 1039 1526 1122 quibus
1557 1038 1760 1105 verba
1786 1039 2075 1121 fecimus,
2105 1059 2317 1123 neque
2345 1039 2569 1124 rhyth-

248 1143 491 1208 micam
523 1141 587 1206 in
619 1147 957 1224 poetarum
988 1141 1206 1207 verbis
1248 1142 1528 1225 positam
1556 1142 1814 1207 omnino
1859 1142 2001 1207 tolli
2032 1161 2243 1224 neque
2288 1141 2569 1209 infinitas

250 1244 316 1310 ei
346 1244 645 1310 licentias
675 1244 991 1328 praestari
1015 1243 1528 1326 cognoverimus,
1560 1244 1693 1308 iam
1717 1243 1780 1309 in
1805 1243 1873 1308 id
1897 1244 2219 1327 inquirere
2243 1264 2566 1328 conemur,

252 1352 575 1430 quatenus
641 1345 940 1412 modicae
1007 1346 1163 1411 illae
1224 1345 1584 1429 temporum
1642 1345 2101 1429 syllabicorum
2161 1348 2570 1430 mutationes,

250 1467 417 1531 quas
448 1448 1010 1530 grammaticorum
1057 1448 1184 1513 loci
1229 1453 1545 1531 spectant,
1590 1449 1954 1531 pertineant
1981 1447 2070 1513 ad
2113 1447 2316 1531 pedes
2345 1446 2570 1531 rhyth-

245 1568 541 1632 mosque.
630 1549 735 1615 Ad
774 1550 948 1633 quod
977 1551 1378 1633 propositum
1410 1556 1755 1631 antequam
1787 1570 1893 1615 me
1924 1556 2313 1634 convertam,
2360 1551 2570 1617 absol-

247 1644 539 1718 vendum
587 1658 685 1718 est
730 1652 1043 1735 breviter,
1094 1652 1250 1735 quid
1296 1650 1380 1717 de
1424 1652 1707 1718 fontibus
1752 1650 2135 1734 rhythmicis
2180 1651 2460 1718 iudicem
2505 1660 2573 1717 et

247 1753 801 1837 quemadmodum
849 1773 961 1820 eos
1007 1754 1377 1820 tractandos
1426 1772 1570 1819 esse
1615 1754 1909 1819 arbitrer.

1373 1941 1449 2006 A.

476 2060 587 2126 De
633 2062 1068 2126 elementis
1112 2059 1613 2143 rhythmicis
1657 2060 2238 2126 Aristoxeneis
2285 2066 2359 2125 et

942 2164 1362 2245 excerptis
1407 2162 1884 2229 Psellianis.

430 2281 533 2347 De
563 2280 938 2347 harmonica
967 2281 1340 2348 Aristoxeni
1387 2281 1683 2347 doctrina
1727 2301 1895 2364 quae
1925 2286 2285 2365 supersunt,
2330 2302 2458 2348 non
2487 2282 2572 2347 ab

251 2386 403 2467 ipso
435 2384 680 2450 musico
728 2384 1091 2467 conscripta
1135 2404 1277 2450 esse
1321 2384 1625 2467 probavit
1669 2382 2137 2450 Studemundio
2183 2385 2574 2450 assentiente

249 2485 707 2568 Marquardius
739 2484 1270 2576 (DetAristoxeni
1301 2486 1636 2552 Tarentini
1664 2486 2037 2568 fragmentis
2080 2484 2281 2551 harm.
2312 2486 2475 2550 1863
2508 2492 2574 2553 et

249 2590 320 2653 in
356 2588 662 2654 editionis
692 2608 846 2655 suae
880 2588 1010 2665 (die
1043 2588 1331 2654 harmon.
1362 2587 1751 2672 Fragmente
1781 2587 1898 2654 des
1927 2588 2348 2655 Aristoxenus
2384 2590 2573 2666 1868)

250 2690 641 2757 excursibus
668 2711 733 2774 p.
767 2693 892 2754 260
925 2693 1124 2774 sqq.);
1173 2696 1482 2774 excerpta
1514 2691 1684 2756 enim
1717 2709 1859 2756 esse
1904 2689 1987 2756 de
2029 2690 2212 2757 libris
2256 2692 2573 2773 genuinis.

249 2791 657 2877 Rhythmica
714 2799 928 2859 autem
984 2799 1368 2877 praecepta,
1438 2812 1606 2876 quae
1666 2793 1750 2858 ab
1809 2793 2163 2865 editoribus
2218 2793 2384 2858 libro
2441 2794 2574 2857 τῶν

252 2898 613 2974 στοιχείων
644 2893 987 2981 ῥυθμικῶν
1015 2895 1379 2960 tribuuntur
1407 2895 1617 2977 alteri,
1649 2915 1778 2961 non
1808 2896 2144 2961 continuas
2172 2895 2322 2960 libri
2351 2897 2419 2960 in
2448 2895 2575 2963 fine

249 3003 508 3063 tantum
566 2998 843 3063 mutilati
902 3017 1047 3064 esse
1091 2998 1398 3080 reliquias
1417 3046 1434 3080 ,
1492 3016 1719 3063 verum
1763 3003 2071 3080 excerpta
2113 3016 2256 3064 esse
2300 3000 2577 3081 sparsim

251 3099 553 3164 delibata
581 3099 874 3181 liquebit,
905 3100 961 3165 si
990 3099 1078 3164 ad
1108 3099 1309 3165 Pselli
1339 3095 1950 3183 προλαμβανόμενα
1982 3096 2078 3173 εἷς
2105 3095 2227 3183 τὴν
2253 3098 2577 3182 μουσικὴν

252 3197 641 3286 ἐπιστήμην
675 3201 1082 3267 conferimus.
1143 3201 1218 3266 In
1251 3200 1350 3267 his
1384 3202 1554 3267 enim
1581 3207 1820 3283 extant,
1852 3221 2018 3285 quae
2049 3203 2132 3266 ab
2161 3201 2293 3268 illis
2323 3202 2573 3285 absunt,

248 3321 472 3385 neque
502 3302 589 3367 ad
617 3303 851 3367 librum
882 3304 1163 3385 priorem
1194 3304 1477 3386 aliquem
1523 3302 1888 3387 delegenda
1916 3322 2060 3368 esse
2090 3321 2286 3387 supra
2329 3305 2416 3386 (p.
2453 3307 2573 3369 175

246 3405 437 3481 adn.)
467 3406 719 3487 monui3
767 3425 990 3470 verum
1021 3407 1190 3470 enim
1222 3425 1377 3472 vero
1408 3425 1486 3472 ea
1517 3426 1600 3471 ex
1632 3425 1757 3471 uno
1789 3404 2146 3488 eodemque
2175 3405 2342 3471 libro
2373 3407 2578 3490 petita

249 3514 321 3573 et
344 3507 723 3589 fragmentis
746 3508 966 3574 alteris
996 3508 1339 3574 inserenda
1360 3527 1503 3574 esse
1536 3507 1920 3574 documenta
1942 3513 2089 3572 sunt
2110 3513 2174 3574 et
2196 3508 2371 3591 quod
2392 3528 2574 3591 prae-

251 3615 455 3692 cepta
495 3610 749 3691 utrique
780 3610 1099 3693 epitomae
1129 3612 1490 3676 communia
1518 3617 1778 3676 servant
1806 3611 2144 3693 aequalem
2191 3611 2482 3678 ordinem
2515 3618 2580 3677 et

250 3710 439 3796 quod
485 3716 699 3777 cetera
727 3718 1074 3794 praecepta
1118 3713 1341 3778 ordine
1373 3731 1487 3778 suo
1520 3718 1776 3778 servato
1806 3711 1999 3779 facile
2028 3714 2120 3778 ita
2147 3720 2418 3796 possunt
2447 3713 2578 3779 dis-

246 3813 441 3898 poni,
482 3818 553 3878 ut
597 3813 915 3896 capitibus
961 3815 1398 3898 compluribus
1443 3815 1905 3880 contineantur.
1995 3814 2152 3881 Sola
2196 3815 2367 3880 enim
2411 3817 2448 3892 ξ
2500 3818 2576 3881 13

246 3914 590 3981 Pselliana
620 3915 890 3999 delapsa
918 3922 1017 3982 est
1037 3918 1253 3983 nescio
1287 3937 1413 4001 quo
1438 3935 1593 3983 casu
1616 3918 1682 3981 in
1705 3917 2073 3983 inferiorem
2102 3918 2343 4001 locum3
2376 3923 2577 3984 trans-

248 4016 633 4102 ponendam
658 4019 826 4083 enim
850 4037 993 4085 esse
1017 4025 1164 4102 post
1186 4022 1223 4096 ξ
1248 4021 1308 4102 2,
1342 4020 1533 4087 docet
1562 4020 1743 4086 locus
1766 4020 1821 4086 is
1850 4020 1956 4098 (el.
1982 4019 2078 4085 rh.
2103 4039 2166 4103 p.
2195 4021 2296 4103 28,
2327 4023 2403 4084 13
2432 4019 2576 4103 W.),

249 4120 366 4188 cui
410 4120 776 4201 respondet.

362 4226 599 4280 Leipziger
626 4226 828 4272 Studien.
879 4227 1008 4271 XIV.
2208 4221 2266 4272 13
