3177 4960
823 349 906 402 De
940 347 1357 402 irrationalitate
1389 346 1570 402 studia
1605 346 1922 416 rhythmica.
2409 345 2535 404 237

207 521 652 589 rationalitate
712 522 883 587 enim
902 570 918 603 ,
978 526 1290 603 quatenus
1335 521 1420 587 ad
1465 519 1902 586 harmonicam
1962 525 2240 603 spectat,
2300 518 2534 585 dicitur

209 620 292 689 τὸ
340 619 514 688 κατὰ
570 625 771 708 μέρος
828 620 1048 709 ῥητόν.
1135 623 1574 708 Westphalius
1631 622 1744 688 ille
1800 621 2094 705 quidem,
2154 628 2223 686 ut
2266 620 2537 688 haberet

211 728 282 793 in
329 724 741 807 harmonica,
801 725 977 808 quod
1035 732 1332 793 accurate
1389 723 1809 809 responderet
1858 723 1955 806 τῷ
2009 718 2178 787 κατὰ
2238 719 2358 806 τὴν
2414 725 2536 787 τοῦ

215 827 548 911 ῥυθμοῦ
606 825 810 912 φύσιν
866 825 1078 914 ῥητῷ,
1137 848 1254 911 pro
1298 822 1465 891 κατὰ
1517 827 1720 907 μέρος
1777 826 2036 909 scripsit
2088 823 2258 889 κατὰ
2313 825 2534 907 μέλος,

215 929 400 1013 quod
460 929 720 1012 quidem
779 929 954 995 idem
999 928 1124 995 sibi
1167 930 1339 996 velle
1384 949 1463 995 ac
1505 923 1675 990 κατὰ
1721 922 1841 1014 τὴν
1885 927 2004 990 τοῦ
2047 926 2287 1008 μέλους
2333 924 2539 1012 φύσιν

215 1032 440 1116 (Frgg.
485 1051 547 1097 u.
579 1030 835 1098 Lehrss.
879 1053 942 1116 p.
977 1034 1123 1115 214,
1167 1032 1376 1109 alias).
1449 1030 1537 1096 At
1580 1050 1727 1096 cum
1771 1030 1837 1094 in
1881 1029 1996 1094 illa
2038 1030 2299 1095 notione
2344 1027 2536 1107 (κατὰ

214 1131 339 1221 τὴν
383 1135 504 1199 τοῦ
549 1133 813 1219 ῥυθμοῦ
859 1131 1086 1219 φύσιν)
1130 1134 1482 1200 maximam
1525 1133 1661 1199 vim
1718 1131 1957 1198 habeat
2015 1128 2250 1216 φύσις,
2309 1133 2540 1197 mirum

218 1243 415 1314 esset,
459 1236 515 1304 si
545 1237 612 1302 in
644 1235 767 1302 hac
811 1243 983 1303 esset
1025 1237 1298 1317 omissa;
1342 1242 1624 1302 ceterum
1669 1241 2154 1318 expectaremus
2197 1255 2327 1300 non
2369 1231 2538 1298 κατά

216 1337 456 1422 μέλος,
513 1358 732 1404 verum
788 1337 1326 1421 quemadmodum
1371 1334 1438 1402 ἐν
1482 1347 1627 1412 τοῖς
1672 1336 1961 1420 ῥυθμοῖς
2018 1342 2105 1414 (v.
2154 1336 2261 1412 24)
2322 1338 2429 1403 vel
2474 1334 2541 1402 έν

219 1441 472 1526 ῥυθμῷ
516 1441 601 1518 (v.
647 1442 777 1523 27),
825 1442 917 1505 ita
961 1436 1028 1504 ἐν
1073 1440 1281 1521 μέλει.
1369 1439 1503 1507 Sed
1546 1445 1723 1506 recte
1766 1459 1835 1505 se
1880 1438 2119 1506 habere
2164 1439 2327 1505 illud
2371 1436 2542 1503 κατὰ

217 1546 427 1627 μέρος
471 1544 578 1609 vel
620 1543 772 1608 inde
815 1543 1050 1626 liquet,
1105 1541 1277 1626 quod
1321 1550 1550 1626 postea
1595 1542 1903 1625 repetitur
1945 1561 2076 1607 vox
2118 1544 2350 1623 μέρος,
2400 1562 2542 1608 cum

222 1645 307 1711 de
353 1645 660 1728 temporis
717 1645 1148 1710 rationalitate
1207 1644 1581 1727 exponitur3
1638 1663 1786 1708 nam
1832 1639 1907 1705 τὸ
1958 1639 2026 1706 ἐν
2072 1642 2315 1728 ῥυθμῷ
2376 1643 2543 1724 λαμ-

220 1742 595 1829 βανόμενον
641 1742 840 1832 ῥητὸν
879 1743 1119 1828 χρόνου
1173 1737 1465 1828 μέγεθος
1511 1744 1706 1811 debet
1749 1745 1867 1807 τοῦ
1911 1742 2159 1824 ποδὸς,
2220 1741 2288 1809 ἐν
2333 1736 2389 1828 ᾦ
2433 1744 2540 1809 τέ-

221 1870 495 1926 τακται,
553 1846 802 1930 μέρος
846 1843 1020 1913 εἶναι
1064 1845 1283 1934 ῥητόν.
1372 1844 1576 1932 Μέρη
1630 1854 1844 1913 autem
1890 1849 2027 1913 scil.
2082 1844 2353 1928 χρονικὰ
2400 1857 2547 1914 sunt

224 1970 347 2017 eae
403 1951 710 2036 temporis
770 1949 1069 2035 rhythmo
1127 1950 1400 2016 subiecti
1458 1956 1707 2033 partes,
1767 1968 1933 2032 quae
1977 1969 2094 2034 per
2149 1949 2542 2033 rhythmizo-

220 2073 485 2120 menum
540 2072 666 2118 non
723 2051 1098 2118 dividuntur
1152 2053 1502 2136 γνωρίμως
1558 2052 1626 2117 in
1681 2059 1898 2135 partes
1952 2053 2228 2119 minores
2295 2049 2547 2135 (χρόνοι

225 2148 637 2233 ἆσύνθετοι),
684 2160 755 2220 ut
796 2162 942 2220 sunt
985 2155 1278 2238 syllabae
1321 2154 1387 2219 in
1425 2154 1577 2221 lexi.
1669 2152 1828 2220 Cum
1872 2162 2087 2220 autem
2130 2156 2332 2221 verba
2375 2151 2545 2218 κατὰ

225 2255 429 2341 μέρος
485 2277 613 2323 non
667 2256 962 2323 dicantur
1017 2257 1142 2323 nisi
1197 2257 1487 2341 partibus
1552 2257 1845 2339 pluribus
1912 2257 2172 2340 positis,
2237 2253 2313 2321 τὸ
2374 2256 2544 2321 κατὰ

224 2364 431 2443 μέρος
478 2354 676 2445 ῥητὸν
733 2359 1036 2442 respiciet
1081 2379 1222 2425 eam
1278 2364 1641 2442 temporum
1686 2359 1793 2423 vel
1847 2359 2331 2425 intervallorum
2377 2380 2546 2426 com-

226 2462 652 2548 positionem,
699 2461 763 2526 in
811 2480 939 2544 qua
983 2463 1237 2546 singula
1280 2457 1478 2548 μέρη,
1524 2461 1566 2526 i.
1616 2480 1670 2527 e.
1714 2466 2009 2545 tempora
2051 2461 2158 2526 vel
2202 2462 2548 2529 intervalla

226 2565 657 2647 incomposita
699 2571 846 2629 sunt
889 2560 1084 2650 ῥητὰ,
1140 2565 1279 2630 sive
1324 2565 1462 2630 eius
1508 2564 1989 2648 compositionis
2035 2569 2280 2646 partem
2328 2583 2548 2630 unam-

230 2686 576 2751 quamque.
664 2664 966 2750 Μέρεσιν
1021 2672 1235 2733 autem
1294 2667 1628 2750 oppositos
1673 2685 1815 2733 esse
1859 2686 1989 2731 non
2041 2673 2170 2731 tam
2215 2662 2370 2742 τοὺς
2415 2668 2550 2731 τῶν

231 2762 551 2856 ἀριθμῶν
598 2766 830 2853 λόγους
876 2790 1071 2853 quam
1113 2766 1269 2843 τούς
1300 2760 1639 2854 ἀριθμοὺς
1681 2769 1874 2852 solos,
1923 2769 2165 2835 indicat
2208 2770 2550 2835 verborum

232 2872 416 2957 ordo,
467 2892 591 2955 quo
637 2868 842 2953 μόνον
887 2872 974 2938 ad
1018 2873 1151 2935 τῶν
1197 2862 1513 2954 ἀριθμῶν
1558 2872 1767 2937 solum
1810 2871 2105 2957 pertinet.

405 2974 546 3039 Iam
577 2993 735 3039 vero
768 2975 1204 3057 compluribus
1235 2974 1395 3040 locis
1441 2973 1528 3039 ad
1558 2974 1935 3040 Aristoxeni
1980 2973 2338 3046 doctrinam
2367 2994 2553 3059 spec-

233 3076 523 3142 tantibus
570 3065 868 3159 ἆριθμὸς
911 3077 1089 3142 notio
1121 3077 1445 3142 invenitur
1487 3076 1779 3160 partibus
1811 3076 2112 3161 opposita
2156 3082 2221 3142 et
2252 3095 2328 3141 eo
2360 3096 2553 3143 sensu

234 3183 580 3261 usurpata,
639 3183 710 3243 ut
749 3197 1084 3243 numerum
1141 3177 1665 3244 mathematicum
1723 3177 2086 3260 significare
2145 3197 2274 3243 non
2327 3178 2553 3260 possit.

236 3281 336 3346 Ac
381 3282 661 3363 primum
709 3280 972 3364 quidem
1019 3282 1085 3346 in
1118 3280 1198 3347 el.
1234 3279 1437 3345 harm.
1469 3302 1532 3365 p.
1568 3283 1670 3364 76,
1703 3282 1784 3344 28
1809 3280 1983 3362 qu.
2017 3287 2105 3361 (p.
2134 3280 2212 3343 53
2235 3277 2340 3342 fin.
2366 3279 2552 3357 Mb.):

235 3377 566 3446 Πιθανὸν
622 3377 749 3465 γὰρ
805 3379 880 3447 τὸ
940 3380 1149 3469 μηδὲν
1208 3377 1384 3447 εἶναι
1441 3379 1808 3468 διάστημα,
1871 3377 1906 3445 ὃ
1953 3377 2412 3463 μελῳδοῦντες
2458 3379 2554 3457 εἰς

238 3477 499 3568 ἄπειρα
541 3480 892 3565 τέμνομεν,
955 3476 1125 3548 ἀλλὰ
1186 3479 1361 3549 εἶναί
1403 3507 1555 3548 τινα
1599 3481 1912 3568 μέγιστον
1959 3475 2288 3567 ἀριθμὸν,
2337 3480 2434 3560 εἷς
2479 3480 2555 3549 ὃν

241 3584 608 3667 διαιρεῖται
652 3586 786 3650 τῶν
831 3585 1303 3675 διαστημάτων
1363 3584 1637 3653 ἕκαστον
1681 3580 1816 3650 ὑπὸ
1864 3588 1982 3673 τῆς
2025 3585 2381 3671 μελῳδίας.
2473 3585 2557 3652 Εἰ

242 3686 315 3752 δὲ
360 3684 561 3751 τοῦτό
610 3710 832 3772 φαμεν
890 3683 1044 3774 ἤτοι
1087 3684 1393 3754 πιθανὸν
1448 3676 1492 3773 ἢ
1537 3689 1649 3753 καὶ
1697 3679 2054 3772 ἀναγκαῖον
2103 3683 2274 3754 εἶναι
2288 3741 2306 3770 ,
2355 3688 2555 3777 δῆλον

238 3779 352 3854 ὅτι
396 3788 888 3875 προειρημένου
935 3784 1307 3878 ἀριθμοῦ
1349 3788 1551 3876 μέρη
1598 3788 2021 3876 περιέχοντες
2066 3790 2366 3877 φθόγγοι
2410 3790 2559 3880 ἑξῆς

241 3884 554 3977 ἀλλήλων
611 3888 892 3972 ἔχονται.
984 3894 1341 3981 Praecepta
1403 3894 1516 3960 dat
1560 3894 1642 3961 de
1688 3895 2000 3978 synechia
2050 3896 2190 3961 sive
2236 3895 2394 3975 περὶ
2439 3896 2559 3959 τοῦ

243 3990 414 4080 ἑξῆς,
463 3992 547 4059 de
576 3994 1016 4062 modulatione
1062 3999 1382 4081 continua,
1429 4017 1623 4080 quam
1654 3998 1895 4064 scalam
1925 3998 2260 4081 appellare
2290 4016 2557 4063 consue-

243 4097 481 4162 vimus.
571 4096 871 4182 Exempli
901 4118 1099 4165 causa
1129 4099 1447 4164 maximus
1477 4099 1961 4166 intervallorum
1992 4118 2292 4164 numerus
2323 4099 2389 4162 in
2420 4096 2559 4162 dia·
2659 4099 2667 4106 ’

348 4202 578 4258 Leipziger
604 4202 806 4248 Studien.
858 4205 986 4248 XIV.
2189 4199 2253 4250 16
