3177 4960
832 351 917 405 De
948 350 1362 407 irrationalitate
1395 351 1578 408 studia
1613 353 1932 423 rhythmica.
2410 356 2529 415 267

211 524 602 609 Euripidem
658 544 839 608 raro,
904 545 981 592 ac
1027 526 1228 592 semel
1275 526 1411 600 (Ion
1458 530 1564 605 21)
1613 528 1873 610 quidem
1919 533 2159 595 tantum
2209 547 2349 595 cum
2396 532 2524 596 arsi

213 628 411 694 tertia
454 628 653 710 longa
697 628 1077 711 insequente
1122 629 1693 714 semiseptenaria).

392 729 585 809 Quod
642 736 857 797 autem
913 729 1277 814 Aeschylus
1345 737 1409 798 et
1466 731 1824 816 Sophocles
1883 753 2004 801 nec
2058 754 2185 800 non
2241 737 2533 819 quamvis

214 835 433 900 minus
479 832 824 916 diligenter
870 833 1231 918 Euripides,
1279 835 1334 900 si
1379 843 1799 918 anapaestum
1844 836 2287 921 admittebant,
2335 838 2534 922 pedes

217 936 516 1003 eiusdem
561 936 834 1002 membri
880 933 1140 1014 (κώλου)
1171 955 1366 1019 puros
1397 956 1540 1004 esse
1571 938 1898 1023 volebant,
1944 945 2056 1005 aut
2085 959 2164 1006 ea
2207 938 2290 1006 de
2337 959 2530 1007 causa

213 1039 453 1105 fecisse
514 1037 844 1122 videntur,
912 1057 995 1105 ne
1051 1037 1390 1123 rhythmus
1458 1040 1773 1107 iambicus
1828 1047 2184 1125 anapaesto
2243 1042 2531 1109 admixto

215 1141 631 1226 perturbatus
675 1142 1168 1208 irrationalitate
1211 1141 1451 1225 pedum
1484 1143 1842 1209 vicinorum
1874 1144 2068 1228 plane
2101 1152 2529 1228 evanesceret,

215 1250 326 1311 aut
387 1249 736 1327 propterea
792 1244 963 1326 quod
1021 1245 1208 1327 pedis
1264 1246 1524 1312 iambici
1572 1247 1770 1312 vicini
1815 1248 2085 1315 alicuius
2131 1249 2531 1333 correptione

216 1347 561 1413 restituere
610 1346 851 1412 vellent
895 1346 1250 1429 legitimum
1300 1367 1523 1414 versus
1570 1350 1880 1433 spatium,
1929 1349 2101 1432 quod
2146 1356 2531 1435 anapaestus

214 1451 636 1534 inquinasset.

396 1552 605 1618 Aliter
663 1570 816 1616 vero
875 1570 944 1618 se
999 1549 1239 1617 habere
1286 1549 1541 1617 videtur
1586 1558 1972 1635 anapaestus
2018 1556 2082 1618 in
2126 1555 2335 1636 prima
2379 1556 2533 1623 sede

217 1657 489 1741 positus.
580 1654 652 1718 In
712 1673 787 1718 eo
846 1653 1016 1719 enim
1074 1652 1244 1736 pede
1303 1654 1550 1718 numeri
1612 1653 2176 1737 amplificationem
2221 1677 2337 1740 per
2381 1677 2531 1724 ana-

217 1764 518 1842 paestum
562 1758 797 1823 factam
845 1756 1010 1821 alius
1056 1755 1242 1840 pedis
1289 1756 1693 1838 correptione
1738 1776 1864 1823 non
1923 1758 2114 1824 modo
2173 1779 2298 1826 non
2346 1779 2534 1826 exae-

217 1879 426 1944 quare
470 1858 825 1941 studuisse,
891 1857 1009 1924 sed
1054 1859 1249 1924 etiam
1294 1878 1420 1925 non
1466 1879 1724 1926 curasse
1769 1866 2027 1944 poetas,
2088 1861 2196 1928 vel
2241 1862 2392 1929 inde
2437 1883 2533 1929 se-

220 1965 473 2047 quitur,
520 1961 693 2045 quod
738 1966 1090 2044 anapaesto
1137 1960 1559 2028 antecedente
1605 1961 1792 2046 pedis
1837 1964 2103 2030 alterius
2148 1963 2359 2031 thesin
2405 1967 2543 2042 iam⁸

219 2064 586 2149 Aeschylus
644 2064 839 2131 solvit
894 2063 1095 2148 (Sept.
1129 2066 1252 2127 268
1308 2054 1675 2147 ὀλολυγμὸν
1732 2063 1940 2149 ἱερόν)
1998 2068 2103 2133 vel
2161 2069 2351 2133 tertia
2406 2070 2534 2135 arsi

217 2170 420 2252 longa
466 2168 661 2232 utitur
707 2172 771 2232 et
814 2171 962 2232 ante
1021 2166 1545 2249 semiquinariam
1591 2168 1828 2245 (Prom.
1863 2173 1964 2235 64.
1998 2172 2140 2235 366.
2173 2169 2351 2254 Sept.
2388 2176 2530 2236 440.

218 2272 399 2338 Pers.
454 2270 594 2334 184.
643 2270 761 2352 Ag.
813 2272 954 2333 504.
988 2269 1168 2334 Eum.
1218 2272 1319 2334 92.
1368 2274 1512 2335 474.
1553 2274 1703 2346 517)
1760 2277 1824 2336 et
1882 2271 2019 2338 sine
2079 2274 2536 2356 semiquinaria

221 2375 463 2452 (Prom.
499 2374 641 2439 368.
678 2375 819 2437 722.
853 2371 1030 2454 Sept.
1067 2373 1208 2437 323.
1244 2375 1387 2437 423.
1419 2373 1539 2456 Ag.
1575 2374 1702 2455 28),
1750 2373 2092 2457 Euripides
2125 2395 2277 2442 vero
2318 2382 2381 2442 et
2411 2378 2533 2442 sol-

219 2479 313 2545 vit
360 2475 579 2543 thesin
623 2476 889 2542 alteram
938 2482 1002 2541 et
1047 2475 1236 2541 simul
1283 2475 1544 2558 longam
1577 2476 1637 2542 ei
1670 2474 1958 2542 subdidit
1988 2476 2199 2554 (Herc.
2231 2478 2350 2544 fur.
2388 2484 2529 2546 716.

218 2582 355 2647 Ion.
408 2584 553 2645 310.
603 2581 747 2643 983.
796 2576 902 2644 Or.
951 2580 1051 2642 20.
1089 2581 1188 2643 37.
1224 2580 1322 2643 65.
1359 2581 1502 2641 471.
1538 2581 1682 2642 647.
1717 2583 1861 2644 905.
1901 2583 2061 2644 1196
2109 2579 2313 2659 alias).
2405 2583 2531 2649 Res

220 2689 439 2750 autem
485 2684 580 2747 ita
624 2679 970 2763 cogitanda
1014 2687 1130 2763 est,
1180 2688 1247 2746 ut
1291 2681 1597 2767 temporis
1642 2681 1940 2767 spatium,
1989 2702 2113 2766 quo
2145 2691 2531 2769 anapaestus

219 2787 510 2853 iambum
560 2783 847 2866 excedit,
894 2803 1020 2849 non
1067 2782 1151 2848 ad
1195 2781 1566 2866 rhythmum
1612 2785 1822 2866 ipsum
1866 2791 2145 2868 spectet,
2191 2785 2308 2853 sed
2354 2793 2536 2854 extra

221 2908 368 2956 eum
394 2889 500 2964 sit,
532 2886 818 2970 rhythmi
842 2892 1056 2952 autem
1080 2886 1400 2968 materies,
1434 2906 1628 2968 quam
1652 2887 2011 2969 legitimum
2043 2893 2297 2973 tempus
2326 2911 2537 2974 neque

222 2990 548 3059 excedere
594 3008 715 3055 nec
760 2989 1122 3071 relinquere
1167 3007 1329 3071 opus
1375 2989 1476 3071 sit,
1523 2988 1793 3072 incipiat
1827 2989 1979 3057 inde
2009 3010 2050 3056 a
2093 2990 2261 3058 thesi
2306 2994 2532 3077 prima,

220 3090 772 3179 quemadmodum
818 3111 859 3156 a
902 3091 1166 3156 musicis
1211 3091 1444 3157 nostris
1488 3092 1817 3158 anacrusis
1871 3093 1996 3175 ipsi
2052 3092 2353 3177 rhythmo
2411 3115 2536 3160 non

223 3196 633 3264 adscribitur.
722 3193 947 3276 Aeque
994 3199 1206 3260 autem
1256 3213 1358 3260 res
1404 3213 1474 3260 se
1519 3192 1718 3261 habet
1762 3195 1826 3258 in
1884 3193 2010 3260 fine
2071 3214 2368 3261 versuum
2430 3198 2533 3262 vel

222 3306 594 3367 metrorum.
685 3297 848 3361 Nam
894 3296 1066 3379 quod
1111 3295 1312 3363 thesis
1356 3294 1567 3362 finalis
1615 3303 1712 3362 est
1768 3296 2015 3378 breviS,
2075 3316 2218 3362 cum
2276 3297 2535 3381 longam

224 3422 367 3468 eam
415 3421 563 3468 esse
608 3419 905 3466 numerus
951 3400 1266 3483 postulet,
1325 3400 1477 3464 item
1535 3396 1901 3479 rhythmica
1960 3417 2086 3463 non
2133 3404 2342 3483 curat;
2403 3407 2535 3466 tum

224 3508 395 3572 enim
445 3523 671 3570 versus
716 3523 756 3568 a
799 3507 1108 3585 sequente
1153 3500 1502 3568 secluditur
1547 3506 1837 3582 tempore
1883 3499 2088 3583 inani,
2150 3502 2323 3586 quod
2369 3524 2536 3571 com-

222 3608 533 3691 plectitur
577 3604 645 3670 id
689 3605 994 3688 temporis
1039 3604 1336 3688 spatium,
1384 3602 1558 3685 quod
1604 3602 1686 3668 de
1729 3602 2005 3685 legitimi
2048 3606 2294 3671 numeri
2327 3608 2537 3690 spatio

221 3731 342 3796 per
386 3707 1017 3792 rhythmizomenum
1063 3727 1189 3773 non
1224 3707 1553 3788 expletum
1585 3711 1898 3789 superest,
1946 3726 2072 3789 quo
2117 3707 2373 3775 accedit
2402 3717 2536 3775 tan-

222 3819 360 3878 tum
407 3812 709 3894 spatium,
757 3816 1316 3892 quantumcunque
1361 3808 1844 3891 pronuntiantes
1876 3810 1981 3875 vel
2013 3816 2343 3878 cantantes
2375 3813 2540 3878 inter

224 3916 415 3982 binos
448 3933 672 3980 versus
704 3913 1085 3994 intericiunt,
1134 3910 1301 3978 unde
1330 3910 1515 3976 fluxit
1546 3909 1759 3978 hiatus
1790 3912 2069 3993 licentia,
2103 3913 2341 3996 quippe
2372 3934 2539 3996 quae

223 4018 318 4084 ita
349 4035 608 4101 quoque
640 4016 1021 4097 inveniatur,
1053 4020 1123 4080 ut
1153 4013 1352 4081 thesis
1376 4012 1587 4080 finalis
1620 4015 2016 4098 exprimatur
2044 4015 2242 4098 longa
2271 4014 2536 4096 disema,

222 4139 508 4205 sequens
553 4124 764 4185 autem
812 4123 1082 4184 metrum
1130 4117 1211 4184 ab
1244 4118 1371 4184 arsi
1404 4117 1671 4201 incipiat
1699 4137 1819 4185 nec
1850 4117 2199 4202 quidquam
2230 4119 2536 4199 temporis
