3177 4960
585 362 716 422 242
1546 356 1703 425 Hugo
1739 355 1775 410 J
1777 359 1932 411 usatz

590 543 769 604 catas
827 533 1062 602 cadere
1121 530 1380 600 videtur
1433 535 1546 596 aut
1603 531 1668 595 in
1717 526 2054 615 διαφορὰν
2113 523 2281 592 κατὰ
2327 528 2547 612 σχῆμα
2590 533 2702 593 aut
2748 518 2896 590 κατ’

595 630 964 704 ἀντίθεσιν.

763 739 1053 805 Alteram
1096 741 1309 802 autem
1359 735 1580 802 variae
1626 733 1939 800 diaeresis
1984 731 2255 817 species,
2309 730 2363 797 si
2408 730 2760 797 Aristidem
2808 750 2901 796 se-

589 841 867 925 quimur,
912 858 993 905 ea
1021 837 1367 922 cogitanda
1398 843 1513 921 est,
1559 835 1788 920 inqua
1816 835 2093 919 spatium
2139 832 2326 917 pedis
2358 833 2696 918 compositi
2729 832 2899 898 idem

595 945 661 1008 in
688 940 890 1026 pedes
936 941 1264 1025 simplices
1310 942 1520 1027 spatio
1558 939 1853 1006 diversos
1884 936 2212 1019 dividitur,
2258 936 2437 1002 velut
2466 936 2521 1002 si
2554 934 2902 1003 dodecase·

593 1065 768 1112 mum
825 1046 1104 1130 spatium
1159 1044 1398 1128 accipit
1453 1042 1648 1110 modo
1692 1048 2069 1108 tetrasemos
2125 1037 2327 1121 pedes
2374 1038 2514 1105 sive
2566 1034 2905 1122 ἀριθμοὺς

595 1154 743 1230 tres,
791 1146 983 1214 modo
1027 1148 1324 1213 trisemos
1355 1151 1672 1229 quattuor,
1719 1151 1936 1210 tamen
1980 1143 2297 1224 utrimque
2341 1140 2572 1208 eadem
2614 1147 2907 1225 tempora

594 1249 1023 1333 incomposita
1066 1249 1277 1315 inesse
1322 1253 1654 1332 poterunt,
1702 1246 1882 1313 velut
1926 1245 2177 1311 disema
2223 1250 2537 1327 quaterna
2581 1250 2646 1310 et
2688 1263 2904 1309 mono-

595 1370 778 1418 sema
830 1356 1142 1433 quaterna
1200 1353 1649 1428 (ulam-lawa
1689 1347 2134 1424 -υΙ-υΙυ-Ιυὴ.
2224 1345 2358 1412 Sed
2410 1366 2495 1411 an
2539 1365 2618 1411 ea
2662 1345 2904 1411 Aristo·

599 1454 750 1521 xeni
795 1452 997 1537 ipsius
1027 1452 1222 1519 fuerit
1257 1451 1596 1535 sententia,
1641 1450 1907 1517 dubium
1955 1455 2083 1533 est;
2131 1440 2429 1532 ἀριθμὸς
2460 1447 2631 1513 enim
2661 1466 2905 1513 summa

598 1562 697 1622 est
761 1574 889 1621 non
945 1561 1302 1637 temporum
1368 1553 1799 1637 quorumlibet
1855 1552 2243 1634 vicinorum,
2311 1570 2533 1618 verum
2591 1554 2905 1617 certorum

598 1655 1018 1741 quorundam,
1065 1661 1259 1739 atque
1290 1662 1466 1723 certa
1508 1654 1791 1739 quadam
1821 1654 2083 1722 notione
2113 1653 2412 1721 technica
2439 1651 2736 1719 adhibita
2768 1671 2903 1718 esse

598 1759 887 1843 putanda
932 1756 1100 1836 est.¹)
1186 1759 1387 1826 Porro
1432 1760 1499 1824 in
1530 1758 1729 1825 dubio
1775 1764 1892 1843 est,
1938 1755 2259 1841 quomodo
2306 1756 2565 1823 differat
2608 1754 2776 1821 haec
2817 1755 2904 1819 al-

599 1868 739 1927 tera
783 1861 1081 1929 diversae
1113 1860 1428 1928 diaeresis
1471 1861 1724 1945 species
1768 1880 1811 1925 a
1840 1859 2206 1925 differentia
2248 1855 2415 1923 κατὰ
2451 1858 2687 1943 σχῆμα,
2734 1857 2907 1922 velut

598 1963 946 2044 ambigitur
1002 1969 1210 2028 utrum
1270 1963 1540 2046 syzygia
1583 1961 1864 2028 iambica
1905 1981 1947 2027 a
1989 1960 2397 2045 choriambo,
2453 1959 2785 2027 trochaica
2826 1959 2905 2023 ab

600 2065 828 2131 ionicis
860 2064 1118 2131 differat
1149 2066 1474 2148 διαιρέσει
1512 2085 1596 2130 an
1629 2061 1935 2151 σχήματι.
1997 2063 2128 2130 Sed
2162 2082 2271 2131 eas
2302 2063 2713 2148 quaestiones
2744 2081 2907 2128 nunc

599 2167 668 2231 in
698 2165 914 2233 medio
945 2167 1398 2250 relinquamus.
1489 2167 1719 2251 Neque
1765 2169 1936 2232 enim
1965 2167 2157 2232 trium
2188 2165 2697 2232 differentiarum
2728 2163 2905 2250 podi-

603 2288 840 2352 carum,
887 2287 1054 2351 quae
1099 2269 1396 2336 dicuntur
1439 2265 1609 2332 κατὰ
1657 2266 2007 2352 διαίρεσιν,
2053 2264 2222 2332 κατὰ
2256 2269 2488 2354 σχῆμα,
2535 2258 2683 2331 κατ’
2731 2259 2907 2330 ἄντί-
2946 2264 2952 2269 ’

603 2372 821 2450 θεσιν,
870 2389 1035 2453 quae
1081 2390 1300 2438 omnes
1346 2370 1429 2437 de
1476 2371 1706 2438 eodem
1764 2371 2071 2456 temporis
2117 2371 2325 2454 spatio
2372 2371 2550 2437 varie
2595 2369 2906 2455 disposito

602 2480 767 2558 sunt,
812 2494 930 2559 per
974 2493 1043 2541 se
1089 2494 1409 2558 quamque
1454 2474 1609 2541 licet
1652 2474 1993 2541 absolvere
2037 2473 2418 2558 longiusque
2462 2473 2649 2541 abest
2690 2494 2733 2540 a
2767 2492 2907 2558 pro·

600 2579 813 2662 posito
858 2577 942 2643 de
987 2578 1307 2668 omnibus·
1326 2578 1529 2643 tribus
1573 2576 1935 2643 accuratius
1979 2576 2373 2657 disserere2),
2425 2593 2636 2658 neque
2681 2575 2750 2640 in
2793 2593 2907 2640 usu

778 2764 826 2827 1)
861 2760 1001 2814 Tum
1036 2758 1312 2813 definitam
1349 2774 1473 2816 esse
1506 2760 1709 2814 alieubi
1744 2760 1815 2814 ab
1843 2760 2171 2815 Aristoxeno
2208 2753 2463 2831 ἀριθμοῦ
2496 2759 2773 2814 notionem
2796 2758 2905 2812 exi-

606 2848 801 2913 gimus.
873 2844 1040 2898 Cuius
1074 2843 1406 2899 definitionis
1430 2844 1658 2912 vestigia
1691 2845 1875 2900 inesse
1896 2850 2058 2913 putes
2093 2845 2150 2898 in
2176 2850 2471 2913 praecepto
2508 2845 2743 2900 obscuro
2769 2842 2906 2913 apud

603 2929 838 2983 Psellum
865 2931 897 2996 ξ
925 2932 1014 2981 10:
1054 2930 1168 2993 πᾶς
1205 2923 1237 2985 ὃ
1269 2927 1667 3003 διαιρούμενος
1702 2930 1782 2996 εἰς
1806 2932 1983 2986 πλείω
2020 2923 2277 3002 ἀριθμὸν
2299 2933 2396 2986 καὶ
2420 2930 2502 2996 εἰς
2523 2925 2749 2986 ἐλάττω
2776 2933 2905 2985 διαι-

609 3022 807 3087 ρεῖται.
867 3011 973 3066 Sed
1007 3013 1162 3067 mitto
1198 3013 1255 3067 in
1291 3029 1358 3068 ea
1391 3015 1682 3083 inquirere.

774 3102 827 3164 2)
864 3096 1070 3151 Tamen
1116 3112 1254 3165 quae
1300 3099 1409 3154 iam
1451 3114 1600 3154 nunc
1648 3099 1911 3153 affirmari
1955 3100 2143 3167 liceat,
2191 3100 2427 3156 breviter
2468 3115 2759 3169 exponam.
2845 3101 2903 3153 In

604 3182 910 3238 differentia
944 3177 1093 3240 κατὰ
1133 3187 1322 3256 σχῆμα
1359 3184 1501 3238 valet
1533 3198 1601 3238 ea
1625 3200 1840 3254 quoque
1875 3184 2136 3252 definitio,
2171 3200 2311 3254 quae
2344 3185 2400 3239 in
2435 3184 2755 3242 harmonica
2788 3200 2906 3255 pro-

603 3270 775 3325 fertur
807 3284 865 3337 p.
897 3272 1011 3335 108,
1043 3268 1298 3338 14qu.:
1343 3271 1602 3342 γίγνεται
1643 3266 1696 3342 (ἦ
1747 3267 1897 3326 κατὰ
1943 3266 2094 3338 εἶδος
2136 3266 2175 3342 ἢ
2208 3267 2359 3327 κατὰ
2408 3273 2595 3342 σχῆμα
2642 3266 2906 3344 διαφορὰ)

603 3349 656 3410 δ’
684 3345 828 3411 ὅταν
862 3357 970 3411 τοῦ
1005 3347 1182 3411 αὐτοῦ
1203 3354 1489 3427 μεγέθους
1521 3353 1590 3411 ἐκ
1614 3359 1731 3411 τῶν
1757 3350 1948 3412 αὐτῶν
1982 3350 2319 3414 ἀσυνθέτων
2354 3357 2728 3428 συγκειμένου
2756 3355 2905 3430 μεγέ-

604 3445 697 3496 θει
732 3442 830 3494 καὶ
865 3432 1099 3513 ἀριθμῷ
1132 3433 1165 3510 ἦ
1202 3436 1361 3507 τάξις
1396 3433 1588 3497 αὐτῶν
1635 3434 1948 3497 ἀλλοίωσιν
1982 3437 2160 3515 λάβῃ,
2209 3447 2266 3498 et
2300 3443 2545 3511 exempla
2589 3442 2668 3496 ibi
2703 3443 2907 3513 prolata

610 3524 810 3579 docent
845 3529 1096 3591 spectare
1128 3524 1187 3577 in
1223 3525 1529 3594 rhythmica
1565 3521 1860 3597 σχήματος
1893 3526 2249 3582 differentiam
2283 3542 2368 3593 eo,
2411 3527 2554 3596 quod
2588 3528 2804 3583 metrici
2837 3528 2907 3582 di-

606 3614 739 3663 cunt
783 3602 1101 3679 ἐπιπλοκὴν
1143 3609 1386 3681 μέτρων.
1467 3610 1661 3678 Itaque
1707 3626 1772 3666 eo
1815 3610 2110 3681 pertinebit
2152 3613 2298 3668 velut
2341 3612 2508 3666 iambi
2553 3618 2608 3666 et
2656 3615 2905 3675 trochaei,

607 3691 891 3762 anapaesti
928 3699 983 3746 et
1006 3692 1208 3761 dactyli
1244 3692 1568 3764 differentia3
1606 3694 1674 3750 de
1709 3695 1936 3767 pedibus
1972 3702 2153 3751 autem
2190 3697 2504 3766 compositis
2539 3712 2648 3752 non
2687 3704 2903 3754 constat.

608 3777 824 3846 Dactyli
858 3791 985 3833 vero
1025 3782 1080 3831 et
1114 3779 1400 3846 anapaesti
1435 3778 1753 3846 differentia,
1790 3796 1951 3849 quam
1977 3783 2173 3837 eadere
2206 3783 2261 3837 in
2286 3777 2575 3853 διαφορὰν
2597 3778 2741 3840 κατ’
2766 3776 2905 3842 ἄντί-

610 3867 775 3918 θεσιν
809 3868 1011 3917 temere
1043 3862 1250 3932 opinati
1286 3867 1429 3929 sunt,
1468 3864 1781 3920 definitione
1804 3859 2154 3933 ἀντιθέσεως
2190 3868 2546 3922 Aristoxenea
2575 3884 2687 3923 non
2713 3868 2905 3938 excipi-

607 3954 713 4002 tur.
781 3946 938 4016 Quod
973 3953 1089 4002 tum
1125 3948 1218 4003 alii
1254 3948 1410 4002 aliter
1446 3964 1713 4006 excusare
1748 3951 2040 4007 studebant
2072 3952 2254 4019 (Weil.
2279 3952 2508 4008 Jahrbb.
2548 3952 2585 4007 f.
2614 3952 2754 4009 Phil.
2786 3956 2902 4007 1862

607 4050 662 4103 p.
689 4036 815 4102 3493
860 4035 988 4088 1865
1015 4050 1069 4103 p.
1097 4036 1224 4101 653;
1263 4032 1464 4089 Caesar
1496 4034 1629 4104 ibid.
1659 4039 1807 4092 1863.
1835 4054 1888 4106 p.
1920 4040 2018 4103 18),
2057 4036 2434 4108 Westphalius
2469 4052 2614 4103 vero,
2652 4044 2716 4093 ut
2737 4044 2904 4092 tamen

611 4132 674 4173 eo
715 4116 917 4173 referre
962 4123 1177 4187 posset,
1236 4116 1540 4175 definitioni
1581 4136 1684 4176 nec
1729 4126 2018 4191 suspectae
2063 4136 2166 4176 nec
2212 4125 2505 4192 corruptae
2548 4123 2660 4177 vim
2707 4122 2895 4178 attulit.
