3177 4960
863 314 946 372 De
983 315 1396 373 irrationalitate
1431 318 1614 374 studia
1646 318 1965 388 rhythmica.
2448 325 2570 387 307

497 487 684 556 Herc.
716 490 835 555 fur.
874 492 1028 554 776:
1076 487 1349 555 δύνασιν
1396 483 1626 556 ἄδικον
1673 489 1971 577 ἐφέλκων

764 608 845 649 ω
870 592 1026 655 767:
1071 586 1365 674 <ἕτεκον>
1408 588 1628 657 ἔτεκον
1676 583 1931 670 ἀοιδάς.

699 692 834 759 Ion.
868 694 1018 758 497:
1067 690 1311 758 στάδια
1351 691 1595 779 χλοερὰ
1640 692 1774 776 πρὸ
1824 694 2204 774 Παλλάδος.
2242 697 2249 718 ⁸

639 794 783 861 Hel.
823 795 1017 860 1486:
1064 792 1551 878 ἐπιπετόμενος
1598 795 1812 879 ἰακχεῖ

715 900 1016 963 oe1503:
1065 894 1273 982 ῥόθια
1318 896 1529 965 πολιὰ
1573 892 1953 977 θαλάσσας.

731 1000 828 1065 ΕΙ.
866 1002 1016 1065 126:
1064 992 1265 1084 ἄναγε
1308 999 1731 1086 πολύδακρυν
1778 997 2024 1069 ἁδονάν

590 1100 823 1168 Bacch.
862 1104 1015 1166 106:
1058 1099 1294 1184 βρύετε
1335 1101 1569 1188 βρύετε
1611 1102 1877 1189 χλοήρει

748 1222 824 1263 ω
855 1207 1005 1269 122:
1049 1206 1522 1289 Διογενέτορες
1567 1203 1853 1273 ἔναυλοι.

403 1304 549 1388 Iph.
582 1306 774 1371 Taur.
812 1308 1006 1372 1250:
1054 1304 1155 1371 ἔτι
1200 1331 1301 1373 νιν
1347 1305 1446 1373 ἔτι
1487 1311 1762 1393 βρέφος,
1808 1306 1907 1375 ἔτι
1954 1309 2159 1396 φίλας

692 1427 769 1468 ω
799 1411 994 1474 1274:
1039 1408 1279 1492 γέλασε
1325 1401 1417 1490 δ’,
1462 1401 1571 1475 ὅτι
1614 1413 1803 1487 τέκος
1849 1404 2032 1497 ἄφαρ
2080 1410 2220 1494 ἔβα.
2418 1499 2422 1504 ⁴

422 1511 612 1577 Basis
671 1509 1001 1578 trochaica
1052 1531 1182 1578 non
1237 1513 1560 1579 invenitur
1615 1515 1739 1580 nisi
1798 1516 1863 1579 in
1923 1534 2113 1582 versu
2156 1515 2375 1599 spurio
2421 1517 2564 1600 Iph.

244 1614 395 1679 Aul.
448 1614 603 1678 781:
665 1605 707 1676 ἆ
755 1610 827 1677 δὲ
871 1610 1041 1689 Διὸς
1081 1607 1313 1679 Ἑλένα
1369 1611 1567 1698 κόρας
1628 1616 1899 1683 fortasse
1957 1622 2173 1683 tamen
2217 1616 2417 1704 Soph.
2465 1619 2563 1684 El.

248 1718 372 1781 153
389 1734 519 1798 sq.:
554 1706 740 1779 οὗτοι
771 1715 881 1781 σοὶ
909 1713 1123 1801 μούνᾳ
1164 1714 1173 1797 Ι
1210 1700 1437 1780 τέκνον
1481 1709 1640 1796 ἄχος
1671 1712 1882 1803 ἐφάνη
1911 1720 2171 1801 βροτῶν
2193 1720 2421 1798 «5173
2436 1739 2564 1803 sq.:

239 1815 499 1903 θάρσει
543 1839 694 1900 μοι,
756 1814 1007 1901 θάρσει
1045 1818 1057 1897 Ι
1094 1801 1353 1898 τέκνον,
1412 1816 1513 1883 ἔτι
1569 1821 1775 1903 μέγας
1821 1811 2114 1903 οὐρανῷ,
2174 1821 2329 1887 item
2386 1822 2563 1906 apud

242 1920 578 2004 Aristoph.
626 1921 776 2005 Lys.
823 1923 977 1985 277:
1026 1912 1220 2005 ᾤχετ’
1274 1912 1458 1985 ὅπλα
1503 1919 1855 2006 παραδοὺς
1899 1919 2053 2005 ἐμοί
2083 1937 2156 1976 Ν
2186 1926 2329 1989 262.

418 2022 582 2089 Sunt
609 2029 822 2090 autem
855 2019 1173 2107 glycone‘a
1204 2025 1411 2108 tertia,
1457 2024 1598 2092 sive
1623 2045 1664 2091 a
1685 2025 1828 2093 basi
1858 2023 2187 2093 trochaica
2218 2027 2560 2112 incipiunt:

239 2125 491 2192 Phoen.
531 2129 724 2191 1513:
769 2117 990 2191 τοιάδ’
1045 2118 1208 2206 ὂὶχεα
1239 2118 1500 2211 φανερά
1513 2153 1534 2207 ,-
1577 2118 1871 2206 τάλαιν’,
1917 2128 2057 2194 sive
2086 2148 2127 2193 a
2159 2128 2298 2195 basi
2338 2128 2562 2195 tribra-

240 2227 464 2296 chica:
522 2227 756 2294 Aesch.
817 2226 1042 2312 Suppl.
1106 2232 1256 2293 112:
1318 2228 1502 2312 λιγέα
1556 2230 1770 2311 βαρέα
1829 2227 2247 2315 δακρυοπετῆ
2284 2250 2361 2291 00
2410 2233 2561 2295 124:

242 2320 588 2415 ἐπίδρομ’,
636 2323 858 2393 ὁπόθι
902 2327 1207 2406 θάνατος
1250 2326 1413 2415 ἐπῇς
1458 2331 1626 2398 Med.
1661 2333 1818 2397 205:
1865 2327 2099 2414 λιγυρὰ
2130 2323 2192 2394 δ’
2234 2325 2396 2411 ἄχεα
2439 2355 2563 2413 μο-

238 2429 404 2518 γερὰ
450 2432 611 2519 βοᾷ;
658 2432 813 2500 Hec.
863 2433 1019 2498 928:
1067 2423 1194 2497 άνὰ
1230 2430 1301 2497 δὲ
1333 2430 1609 2509 κέλαδος
1655 2428 1852 2514 ἔμολε
1883 2430 2120 2499 πόλιν·
2147 2435 2396 2500 ω938ε
2444 2431 2560 2500 τὸν

240 2532 407 2619 ἐμὸν
456 2525 648 2601 ἅλιον
694 2532 810 2600 ἐπὶ
856 2534 1167 2618 πέλαγος.

417 2638 581 2705 Sunt
622 2645 838 2704 autem
882 2638 1029 2717 loci,
1074 2638 1141 2703 in
1187 2638 1417 2721 quibus
1463 2639 1605 2705 basi
1650 2638 1926 2705 iambica
1968 2638 2389 2706 antecedente
2435 2641 2560 2708 sol-

239 2743 417 2810 vitur
462 2729 705 2825 dactyli
749 2740 981 2808 thesis:

555 2842 845 2927 Ghosph.
879 2845 1004 2908 317
1020 2866 1035 2908 :
1081 2832 1346 2924 τύχοιμ’
1400 2830 1482 2908 ἂν
1529 2839 1775 2907 ἕκαθεν
1820 2832 2096 2928 οὐρίσας

755 2966 831 3006 w
865 2949 1020 3011 334:
1069 2942 1306 3022 δίπαις
1348 2949 1459 3010 τοί
1504 2936 1570 3010 σ’
1626 2941 2044 3029 ἐπιτύμβιος.

421 3047 610 3128 Quod
654 3068 695 3114 a
741 3048 898 3115 viris
944 3047 1151 3115 doctis
1198 3050 1263 3113 in
1317 3049 1749 3133 suspicionem
1809 3055 2107 3115 vocatum
2156 3057 2254 3116 cst
2297 3036 2402 3127 (ἂν
2450 3051 2560 3113 σέ-

239 3155 371 3217 θεν
417 3150 829 3234 Heimsoeth,
890 3137 971 3213 ἂν
1026 3142 1193 3214 καθ’
1256 3149 1325 3215 ἓν
1373 3151 1689 3227 Dindorf).
1777 3151 1865 3217 At
1920 3152 1987 3217 in
2045 3151 2357 3218 solutione
2417 3151 2561 3234 ipsa

242 3275 372 3322 non
422 3252 840 3336 offendimur,
901 3253 1201 3337 quoniam
1260 3254 1328 3318 in
1386 3253 1723 3337 glyconeis
1779 3273 1820 3319 a
1879 3253 2018 3341 basi
2078 3251 2358 3317 iambica
2401 3253 2556 3320 inci-

244 3357 573 3440 pientibus
619 3355 863 3440 dactyli
913 3354 1113 3423 thesis
1159 3356 1458 3422 eximitur
1490 3355 1997 3421 irrationalitate.
2074 3352 2227 3438 Sed,
2272 3360 2342 3419 ut
2385 3362 2560 3423 recte

243 3479 314 3526 se
346 3458 605 3540 habeat,
653 3477 735 3524 ne
765 3457 1113 3525 iambicum
1160 3457 1422 3540 quidem
1468 3476 1800 3522 numerum
1848 3454 1999 3523 inde
2037 3456 2369 3523 exclusum
2417 3476 2559 3526 esse

243 3561 547 3629 conicias.
637 3560 819 3627 Talis
865 3566 1081 3627 autem
1134 3559 1392 3626 dimetri
1454 3558 1716 3625 iambici
1772 3577 1916 3625 cum
1967 3559 2287 3642 glyconeo
2331 3578 2374 3625 a
2418 3561 2559 3628 basi

243 3663 526 3730 iambica
567 3662 917 3746 incipiente
947 3662 1280 3746 responsio
1311 3680 1437 3727 non
1468 3659 1792 3744 inaudita3
1838 3681 1988 3727 nam
2022 3660 2213 3728 Herc.
2246 3662 2365 3735 fur.
2402 3665 2556 3728 792:

245 3760 411 3846 ἐμὰν
457 3762 691 3845 πόλιν,
753 3761 879 3846 ἐμὰ
924 3768 1136 3851 τείχη,
1198 3762 1370 3846 qnod
1432 3761 1596 3828 nihil
1639 3762 1820 3829 aliud
1866 3782 2056 3847 qnam
2103 3762 2556 3847 pherecratens

245 3886 389 3936 esse
431 3872 664 3951 potest,
709 3866 1059 3952 respondet
1102 3866 1318 3934 versui
1356 3867 1509 3930 810:
1555 3852 1599 3950 ἢ
1645 3856 1968 3949 δυσγένει’
2023 3858 2356 3947 ἀνάκτωνς
2404 3866 2557 3932 item

245 3969 517 4037 fortasse
562 3970 698 4036 Ion.
732 3970 886 4034 233:
931 3969 1103 4033 θεοῦ
1161 3965 1373 4052 γύαλα
1429 3959 1583 4032 τάδ’
1654 3964 2179 4034 εἰσιδεῑνω215
2227 3970 2556 4049 Μίμαντα

245 4070 406 4154 πυρὶ
454 4070 868 4135 καταιθαλοῖ
884 4092 900 4155 ;
947 4071 1067 4154 Ag.
1103 4071 1256 4135 697:
1305 4062 1508 4146 ἀκτὰς
1539 4061 1652 4134 ἐπ’
1707 4062 2148 4156 αύξιφύλλους
2194 4058 2327 4145 (ἐπ’
2369 4059 2552 4152 άξιφ.
