3177 4960
585 333 709 393 336
1545 329 1704 399 Hugo
1740 328 1930 384 Jusatz

584 506 739 575 thon
782 511 998 573 autem
1042 502 1241 589 (apud
1269 500 1623 587 Hephaest.
1654 523 1719 586 p.
1753 505 1814 584 6,
1852 505 1929 566 12
1959 501 2084 580 W.)
2124 501 2236 567 καὶ
2282 503 2347 565 ἐν
2394 497 2616 585 ἰάμβῳ
2664 497 2898 587 ἐπιση·

582 612 834 692 μασίας
876 599 1123 695 ἠξίωσε
1165 603 1241 671 τὸ
1288 607 1624 671 τοιοῦτον·
1672 601 1741 669 ἐν
1785 601 1911 688 γὰρ
1949 595 2223 689 Ὀρέστῃ
2273 600 2567 688 δράματί
2611 622 2854 689 φησιν·

889 704 981 786 ιῖς
1027 706 1102 773 σὲ
1144 705 1477 783 Διόνυσος
1523 698 1724 783 αὐτὸς
1769 703 1972 793 ἐξώλη
2019 709 2214 792 θείη·

889 808 1346 887 Ἱππώνακτος
1390 806 1464 875 τὸ
1512 811 1772 894 μέτρον,
1822 800 2011 874 οὐδέν
2055 832 2174 892 μοι
2218 808 2426 892 μέλει.

584 916 1052 983 Paenultimam
1087 915 1268 980 illum
1302 913 1566 980 duxisse
1597 913 1770 980 arsin
1801 913 2237 979 irrationalem
2267 911 2418 978 inde
2448 912 2672 995 liquet,
2720 910 2898 995 quod

583 1021 842 1102 longam
898 1017 1303 1102 illegitimam
1362 1017 1555 1083 etiam
1619 1017 1686 1081 in
1741 1016 1888 1083 aliis
1945 1014 2221 1101 pedibus
2274 1015 2538 1100 paribus
2580 1032 2899 1099 usurpare

583 1121 873 1205 potuisse
914 1119 1390 1204 Hipponactem
1437 1118 1737 1201 opinatus
1784 1122 1899 1184 est.
1974 1117 2448 1202 Hipponactem
2492 1121 2709 1183 autem
2755 1117 2898 1181 imi·

587 1230 757 1290 tatus
787 1220 1225 1289 Callimachus
1256 1221 1511 1303 librum,
1557 1240 1687 1304 quo
1718 1220 2006 1286 trimetra
2036 1238 2196 1303 pure
2226 1218 2505 1286 iambica
2550 1238 2696 1285 cum
2745 1217 2896 1285 cho-

581 1325 837 1391 liambis
895 1324 1257 1407 coniunxit,
1316 1323 1644 1406 inscripsit
1703 1319 1985 1404 ἰάμβους
2044 1322 2184 1405 (frg.
2217 1325 2299 1388 90
2331 1319 2731 1398 Schneider).
2823 1321 2897 1386 In

582 1445 711 1510 quo
750 1426 1033 1493 carmina
1061 1425 1191 1491 alia
1221 1443 1305 1491 ex
1335 1425 1514 1509 puris
1545 1425 1797 1507 iambis,
1843 1425 1976 1491 alia
2005 1444 2089 1491 ex
2119 1423 2502 1490 choliambis
2533 1423 2897 1508 composita

581 1529 777 1595 fuisse
823 1528 1077 1612 putavit
1123 1525 1555 1594 Schneiderus
1603 1525 2067 1606 (Callimachea
2095 1526 2159 1591 11
2188 1546 2251 1610 p.
2285 1529 2451 1603 230).
2525 1524 2615 1591 At
2660 1525 2893 1592 librum

581 1631 646 1696 in
694 1630 980 1698 carmina
1025 1629 1358 1715 complura
1402 1635 1468 1696 et
1509 1628 1596 1695 ad
1643 1628 1936 1695 diversas
1981 1635 2215 1713 poetae
2243 1633 2490 1696 aetates
2534 1629 2894 1713 spectantia

584 1732 864 1800 divisum
910 1731 1112 1799 fuisse
1155 1752 1283 1798 non
1329 1737 1428 1798 est
1472 1751 1585 1798 cur
1630 1730 1999 1814 credamus3
2046 1730 2162 1797 sed
2194 1731 2489 1814 quamvis
2531 1731 2895 1814 fragmenta

582 1834 829 1901 rariora
871 1834 1018 1917 sint,
1065 1853 1257 1916 quam
1291 1853 1375 1899 ex
1405 1834 1639 1916 quibus
1684 1839 2125 1916 argumentum
2159 1852 2356 1899 unum
2399 1853 2477 1899 ac
2521 1833 2894 1899 continuum

581 1936 775 2002 fuerit
818 1955 1039 2012 necne,
1085 1942 1412 2019 appareat,
1459 1941 1676 2001 tamen
1721 1954 1866 2002 cum
1901 1935 2199 2002 Heckero
2247 1939 2602 2011 (comment.
2641 1934 2893 2001 Gallim.

581 2058 644 2121 p.
678 2039 787 2115 40)
816 2037 1069 2119 faciam,
1117 2038 1226 2120 qui
1256 2037 1683 2120 fragmentum
1717 2039 1856 2103 821>
1886 2036 2224 2105 restituens
2257 2042 2593 2119 utrumque
2625 2042 2894 2103 metrum

583 2139 871 2222 miscuit3
933 2140 999 2203 in
1055 2139 1173 2222 frg.
1207 2140 1310 2222 87,
1359 2142 1394 2204 3
1459 2140 1625 2204 inter
1682 2140 1916 2206 clauda
1969 2138 2278 2206 exhibent
2331 2140 2481 2205 libri
2536 2140 2895 2206 trimetrum

582 2260 833 2325 purum,
883 2239 1056 2323 quod
1102 2238 1363 2323 quidem
1393 2241 1460 2306 in
1506 2260 1739 2307 scazon
1785 2250 2028 2308 mutare
2055 2241 2388 2308 Bentlcius
2433 2248 2499 2308 et
2527 2240 2893 2308 Meinekius

584 2350 923 2412 tentarunt.

753 2448 827 2514 In
872 2447 1031 2531 ipsis
1083 2451 1295 2513 autem
1343 2443 1770 2529 Hipponactis
1815 2444 2177 2527 Ananiique
2230 2444 2411 2512 libris
2470 2451 2677 2512 metra
2736 2465 2896 2529 pura

582 2551 845 2617 inventa
886 2554 1049 2617 sunt.

753 2650 1034 2736 Hippon.
1073 2650 1192 2733 frg.
1226 2653 1330 2732 43,
1377 2652 1446 2713 4:
1505 2647 1791 2732 κοχώνα
1849 2651 2067 2713 πίνων
2123 2645 2478 2733 φάρμακον
2534 2652 2897 2736 πονηρίηςς

583 2754 650 2819 111
708 2772 834 2835 quo
886 2775 911 2816 ι
955 2752 1040 2818 de
1085 2751 1398 2819 industria
1455 2750 1840 2835 produxisse
1900 2755 2192 2835 poetam,
2252 2757 2322 2816 ut
2364 2750 2600 2834 Bupali
2657 2752 2897 2818 malam

586 2859 789 2920 artem
821 2859 1132 2937 carperet,
1166 2853 1308 2936 quis
1341 2850 1561 2919 credat
1592 2850 1988 2918 Tenbrinkio
2021 2850 2280 2929 (Philol.
2316 2850 2405 2916 VI
2433 2871 2494 2935 p.
2529 2851 2682 2930 52)‘?
2730 2852 2897 2920 Nam

586 2956 642 3020 si
673 2954 846 3020 mala
874 2952 1233 3019 adversarii
1264 2947 1549 3020 carmina
1579 2952 1852 3020 illudere
1898 2954 2224 3034 voluisset,
2273 2959 2446 3020 certe
2491 2974 2618 3020 non
2666 2955 2897 3023 falsam

585 3056 769 3122 verbi
800 3054 1172 3140 prosodiam
1218 3053 1579 3121 addidisset
1621 3054 1924 3138 rhythmo
1968 3054 2330 3139 illegitimo,
2378 3056 2469 3122 ita
2512 3062 2583 3121 ut
2611 3054 2741 3124 hoc
2784 3058 2897 3124 illo

585 3158 937 3226 tolleretur.
983 3192 1068 3203 —
1105 3158 1253 3242 Frg.
1289 3159 1390 3240 49,
1425 3160 1496 3222 6:
1542 3143 1624 3243 ἢν
1671 3148 1870 3222 αὐτὸν
1915 3150 2133 3242 ὅπφις
2178 3147 2659 3241 τῶντικνήμιον
2707 3156 2892 3245 δάκῃ,

585 3261 679 3328 sic
724 3262 896 3328 enim
941 3262 1081 3328 sive
1129 3257 1323 3325 δάκοι
1366 3259 1609 3326 habent
1651 3261 1926 3327 Tzctzae
1969 3259 2097 3327 loci
2142 3259 2532 3345 complures,
2580 3260 2892 3329 Herman-

583 3383 700 3430 nus
758 3382 914 3429 vero
976 3362 1232 3447 scripsit
1290 3358 1525 3447 δάκνῃς
1593 3382 1710 3446 pro
1765 3359 2093 3447 μάρτυσιν
2150 3362 2268 3443 frg.
2331 3365 2444 3444 51,
2482 3368 2512 3427 1
2574 3362 2894 3446 Bergkius

584 3460 984 3547 μάρτυρσιν,
1042 3464 1314 3529 formam
1360 3463 1750 3547 inauditam3
1808 3463 2160 3531 tetrametri
2219 3469 2435 3530 autem
2481 3464 2700 3531 claudi
2745 3485 2892 3551 pae-

586 3565 856 3631 nultima
879 3570 978 3631 est
1001 3564 1214 3631 brevis
1244 3565 1418 3648 apud
1441 3566 1724 3651 Hippon.
1757 3566 1874 3649 frg.
1910 3569 2018 3631 84:
2051 3558 2454 3650 ὗποργάσαι,
2486 3566 2663 3650 apud
2691 3567 2892 3633 Anan.

586 3667 705 3751 frg.
741 3670 800 3749 5,
834 3669 902 3732 3:
948 3667 1161 3749 κρέας,
1207 3666 1319 3733 ubi
1347 3679 1569 3751 κρεῑας
1601 3668 2037 3751 Hermannus;
2084 3686 2358 3750 sequens
2388 3686 2613 3735 versus
2658 3668 2897 3735 desinit

586 3770 651 3835 in
683 3764 965 3850 ἐσθίειν,
1009 3767 1122 3833 ubi
1169 3760 1305 3831 ἐστ’
1357 3764 1477 3853 ἡδὺ
1510 3768 1962 3851 Schneiderus,
2007 3764 2282 3855 ἥδιστον
2314 3768 2632 3854 Bergkius
2681 3771 2893 3838 conie-

587 3891 751 3955 cere,
798 3871 909 3936 ille
955 3875 1169 3935 autem
1215 3871 1470 3954 scripsit
1499 3873 1566 3937 in
1593 3873 1712 3955 frg.
1746 3877 1805 3955 5,
1839 3876 1876 3936 5
1917 3862 2288 3959 ἆλωπήκων
2319 3892 2436 3956 pro
2467 3874 2678 3939 forma
2708 3872 2891 3938 unice

586 3972 859 4058 probata
889 3962 1254 4035 ἀλωπέκων
1286 3977 1350 4039 et
1380 3991 1455 4039 eo
1488 3974 1800 4042 audaciae
1831 3994 2208 4058 progressus
2239 3982 2336 4042 est
2359 3974 2485 4059 hic,
2517 3981 2587 4041 ut
2616 3972 2888 4041 eandem

589 4076 654 4141 in
714 4075 1203 4141 Timocreonteo
1261 4074 1373 4141 illo
1433 4074 1574 4158 (frg.
1624 4080 1681 4160 3,
1730 4081 1767 4141 5
1814 4075 2003 4160 ng.⁴
2047 4077 2144 4142 111
2180 4096 2241 4161 p.
2278 4079 2424 4152 539)
2481 4081 2887 4161 proponeret.
