3177 4960
580 292 701 351 196
1106 371 1111 375 ⁴
1134 244 1153 255 .
1544 289 1704 357 Hugo
1739 288 1929 344 Jusatz

1489 649 1675 723 Pars
1725 648 1974 745 prima.

1131 815 1236 898 De
1279 814 1962 898 irrationalitatis
2015 814 2335 897 natura.

1507 1087 1797 1155 CAPUT
1848 1087 1956 1152 IV.

706 1222 825 1300 De
878 1226 1193 1300 virorum
1247 1222 1623 1299 doctorum
1678 1221 1772 1298 de
1824 1221 2388 1298 irrationalitate
2441 1219 2755 1296 iudiciis.

749 1376 1057 1455 Quamvis
1114 1377 1198 1443 de
1242 1377 1753 1444 irrationalitatis
1809 1382 2039 1442 natura
2095 1382 2161 1442 et
2204 1375 2469 1441 sedibus
2515 1350 2720 1440 multas
2760 1375 2892 1440 iam

576 1482 705 1547 sint
747 1482 1019 1564 prolata,
1066 1486 1284 1546 tamen
1329 1500 1409 1546 ea
1452 1485 1699 1545 tantum
1729 1479 2017 1563 aberant,
2065 1485 2135 1544 ut
2179 1479 2372 1545 certis
2417 1478 2674 1560 legibus
2719 1477 2892 1544 subi-

578 1589 891 1667 cerentur,
938 1590 1007 1648 ut
1051 1582 1241 1649 modo
1288 1582 1710 1665 rationalitas,
1757 1601 1921 1664 quae
1968 1581 2172 1648 oculis
2213 1580 2635 1662 obiciebatur,
2681 1580 2894 1647 causis

575 1687 925 1752 levissimis
956 1705 1085 1751 non
1114 1691 1246 1750 tam
1276 1685 1657 1768 probaretur
1687 1704 1879 1767 quam
1911 1688 2343 1766 excusaretur,
2390 1681 2602 1764 modo,
2639 1681 2894 1748 etiamsi

577 1789 713 1853 ulla
755 1788 1263 1854 irrationalitatis
1308 1787 1587 1868 vestigia
1629 1805 1840 1870 neque
1886 1787 2088 1852 oculis
2133 1804 2344 1869 neque
2390 1784 2625 1850 rationi
2665 1783 2893 1850 offere·

577 1891 839 1970 bantur,
894 1895 1109 1954 tamen
1154 1890 1247 1953 ibi
1293 1895 1514 1954 extare
1562 1887 1961 1971 crederetur,
2023 1888 2134 1953 ubi
2179 1889 2508 1972 postulare
2552 1886 2897 1952 videbatur

578 1992 827 2056 numeri
858 1990 1306 2073 aequabilitas.
1383 1988 1592 2067 Quam
1635 1991 2116 2073 aequabilitatis
2147 1991 2482 2069 rationem,
2513 2009 2643 2072 qua
2674 2008 2896 2055 omnes

580 2094 891 2178 deinceps
933 2093 1139 2176 pedes
1185 2094 1350 2158 inter
1395 2113 1465 2160 se
1497 2093 1709 2176 spatio
1754 2093 1945 2176 aequi
1994 2112 2137 2160 esse
2167 2092 2531 2176 creduntur,
2578 2111 2662 2158 ex
2693 2092 2895 2158 omni-

577 2196 698 2262 bus
746 2196 861 2278 eis,
909 2196 1019 2278 qui
1052 2199 1272 2261 nostra
1315 2200 1529 2260 aetate
1573 2194 1658 2260 de
1688 2213 1759 2260 re
1790 2193 2158 2278 rhythmica
2187 2196 2524 2279 scripsere,
2571 2214 2734 2261 unus
2766 2214 2894 2261 ser·
2970 2243 2973 2245 Α

578 2317 733 2364 vare
778 2297 1023 2363 studuit
1052 2296 1440 2364 Boeckhius.
1530 2297 1701 2363 Nam
1746 2299 1813 2363 in
1858 2297 2135 2381 pedibus
2179 2296 2525 2364 trochaicis
2570 2297 2896 2363 iambicis-

579 2419 704 2483 que
749 2399 1226 2466 irrationalibus
1271 2405 1510 2483 quanto
1555 2399 1930 2484 producitur
1987 2420 2182 2485 supra
2224 2399 2484 2465 modum
2529 2399 2896 2483 legitimum

577 2505 762 2580 arsis,
807 2509 984 2570 tanto
1030 2504 1231 2568 minui
1272 2502 1562 2569 eiusdem
1608 2503 1797 2587 pedis
1842 2502 2055 2570 thesin
2085 2503 2308 2569 statuit
2354 2502 2461 2578 (de
2492 2507 2672 2568 metr.
2705 2502 2895 2567 Pind.

576 2626 639 2690 p.
678 2608 798 2669 106
828 2626 959 2689 sq.;
1006 2606 1147 2671 Ind.
1179 2606 1324 2672 lect.
1357 2612 1513 2672 aest.
1549 2606 1829 2671 Berolin.
1869 2607 2031 2669 1825
2064 2626 2126 2689 p.
2163 2605 2291 2681 39).
2367 2604 2557 2682 Quod
2588 2624 2897 2688 praecep·

578 2713 734 2791 tum,
780 2708 1077 2791 quamvis
1122 2727 1159 2772 e
1206 2708 1459 2774 sincera
1502 2713 1717 2773 mente
1761 2707 2151 2791 profectum,
2208 2713 2421 2773 tamen
2465 2727 2592 2773 non
2634 2726 2897 2791 prorsus

579 2807 1026 2893 accipiendum
1058 2814 1172 2875 est.
1262 2809 1505 2874 Thesin
1537 2810 1710 2875 enim
1755 2808 1972 2875 chorei
2016 2810 2402 2876 irrationalis
2433 2810 2758 2893 corripere
2791 2828 2897 2874 ve·

580 2918 789 2976 tamur
833 2911 991 2993 ipsis
1025 2910 1395 2977 Aristoxeni
1434 2912 1652 2977 verbis
1683 2912 2023 2978 luculentis
2057 2932 2120 2995 p.
2155 2915 2257 2994 34,
2295 2916 2366 2974 11
2396 2910 2522 2977 W.:
2611 2907 2730 2991 τὴν
2777 2909 2898 2993 μὲν

577 3011 780 3095 βάσιν
826 3009 976 3098 ἰ’σην
1026 3003 1257 3088 αὐτοῖς
1301 3003 1715 3098 ἀμφοτέροις
1760 3010 1952 3093 ἔχων,
2000 3015 2040 3078 i.
2074 3033 2129 3079 e.
2176 3033 2450 3096 aequam
2496 3012 2791 3080 thesibus
2838 3019 2900 3079 et

578 3115 852 3199 spondei
898 3122 962 3181 et
1007 3114 1227 3182 chorei
1271 3116 1637 3200 rationalis,
1699 3136 1864 3199 quae
1911 3124 2057 3183 sunt
2101 3117 2423 3200 disemae;
2482 3136 2692 3199 neque
2738 3136 2896 3183 vero

579 3219 688 3283 vel
717 3218 1129 3301 argutissima
1158 3217 1287 3284 loci
1318 3218 1846 3300 interpretatione
1877 3219 2139 3301 probari
2168 3219 2426 3302 poterit,
2460 3238 2606 3284 eum
2636 3217 2896 3304 pedem,

581 3321 692 3402 qui
731 3330 993 3404 χορεῖος
1041 3314 1279 3404 ἄλογος
1309 3325 1576 3386 vocatur
1606 3319 1691 3385 ab
1721 3320 2131 3398 Aristoxen0‚
2178 3340 2374 3404 supra
2402 3321 2681 3403 spatium
2713 3322 2895 3386 trise-

581 3440 753 3485 mum
809 3440 938 3486 non
998 3422 1334 3487 excedere.
1425 3420 1568 3498 Quo
1627 3422 1944 3505 imprimis
2004 3429 2380 3504 argumento
2438 3423 2690 3505 prolato
2734 3422 2897 3488 Her-

583 3542 852 3589 mannus
919 3523 1096 3600 (diss.
1157 3523 1241 3589 de
1302 3528 1647 3589 metrorum
1707 3523 2110 3606 quorundam
2167 3545 2464 3591 mensura
2527 3524 2897 3608 rhythmica

584 3624 822 3708 Opusc.
882 3624 948 3688 II
996 3627 1115 3687 105
1162 3644 1334 3707 sqq.;
1404 3624 1485 3690 de
1538 3626 1812 3709 epitritis
1881 3625 2110 3710 doriis,
2181 3627 2414 3716 Opusc.
2459 3627 2557 3691 III
2602 3629 2682 3692 83
2730 3629 2894 3710 sqq.)

584 3724 902 3792 Boeckhii
960 3727 1343 3791 sententiam
1402 3728 1658 3793 omnino
1703 3729 2039 3795 sustulisse
2096 3728 2221 3794 sibi
2267 3728 2640 3813 videbatur3
2698 3730 2895 3794 aliam

584 3847 740 3893 vero
788 3828 959 3892 viam
1007 3828 1331 3912 ingressus
1377 3827 1536 3895 dicit
1592 3828 1678 3894 ad
1722 3849 1980 3895 sensum
2031 3831 2156 3896 sibi
2203 3832 2492 3896 innatum
2534 3852 2894 3915 provocans

584 3930 1074 3997 irrationalitate
1119 3951 1365 3998 moram
1396 3930 1569 3996 adici
1617 3951 1911 4014 numer03
1960 3932 2132 4014 quod
2165 3953 2294 3999 non
2319 3932 2459 3999 fieri
2503 3934 2629 3999 nisi
2673 3935 2739 3999 in
2768 3934 2892 4000 fine

586 4031 856 4111 numeri,
903 4034 1205 4112 quoniam
1253 4033 1345 4099 ibi
1388 4052 1597 4115 pausa
1639 4033 1999 4099 accederet.
2087 4035 2176 4099 At
2219 4036 2481 4101 ubinam
2523 4034 2739 4101 finitur
2780 4056 2892 4101 nu·
