3177 4960
572 337 691 395 186
1366 330 1373 337 ’
1530 333 1689 400 Hugo
1722 331 1912 387 Jusatz

567 529 781 576 suram
827 515 1074 575 ceteras
1117 509 1350 589 longae
1396 525 1728 573 mensuras
1775 507 2141 590 contulisse,
2187 504 2304 572 sed
2349 505 2647 572 universe
2690 504 2872 588 loqui

567 611 650 678 de
696 613 892 678 variis
944 610 1340 695 syllabarum
1394 611 1732 692 longarum
1778 610 2093 676 mensuris
2151 608 2554 692 rhythmicis.
2640 608 2870 674 Brevis

564 720 779 781 autem
811 714 1103 797 syllabae
1134 711 1502 798 rhythmica
1545 713 1760 795 spatia
1802 713 1970 778 infra
2012 713 2318 796 temporis
2363 712 2553 796 primi
2586 712 2868 794 spatium

565 816 960 883 descendere
1016 835 1142 881 non
1207 822 1511 900 possunt3
1564 836 1715 881 nam
1781 823 2032 899 tempus
2087 816 2367 899 primum
2423 821 2522 881 est
2586 813 2872 880 omnium

562 926 941 1002 temporum,
988 938 1153 1002 quae
1183 925 1474 1002 spectant
1495 917 1582 983 ad
1614 938 1817 999 usum,
1846 918 2314 985 brevissimum.
2390 918 2619 1001 Itaque
2651 917 2869 983 brevis

563 1022 747 1088 varia
788 1023 1019 1105 spatia,
1066 1022 1368 1104 quoniam
1413 1021 1730 1088 disemum
1774 1023 2053 1104 spatium
2084 1020 2377 1103 attigisse
2404 1040 2532 1086 non
2578 1025 2676 1086 est
2717 1039 2867 1086 con-

563 1131 969 1208 sentaneum,
1022 1124 1191 1189 intra
1234 1142 1672 1190 monosemum
1730 1131 1795 1190 et
1848 1123 2165 1190 disemum
2208 1141 2278 1188 se
2323 1123 2714 1189 continuisse
2757 1141 2868 1188 ne·

563 1247 744 1294 cesse
784 1232 899 1293 est.
988 1225 1150 1292 Inde
1192 1227 1479 1310 sequitur
1519 1229 1929 1312 βραχυτέρας
1955 1227 2087 1289 τῶν
2129 1225 2457 1307 βραχειῶν
2488 1244 2629 1291 esse
2673 1225 2870 1307 sylla·

564 1331 679 1396 bas
724 1331 955 1396 breves
1000 1348 1132 1411 eas,
1179 1348 1345 1412 quae
1390 1329 1791 1396 irrationalia
1834 1330 2048 1413 spatia
2091 1329 2237 1395 aliis
2264 1328 2490 1412 spatiis
2535 1329 2869 1393 irrationa-

560 1433 728 1498 libus
773 1434 1023 1497 minora
1067 1437 1413 1514 occupant,
1457 1428 1874 1515 βραχυτάτην
1917 1438 2133 1498 autem
2178 1432 2309 1494 τῶν
2352 1431 2681 1514 βραχειῶν
2725 1450 2871 1497 esse

559 1536 821 1601 brevem
878 1535 1280 1601 rationalem.
1368 1533 1550 1600 Idem
1612 1536 1677 1599 in
1735 1536 1947 1618 longis
2003 1534 2299 1600 accidere
2344 1540 2613 1617 oportet.
2701 1537 2869 1597 Μα-

560 1635 872 1720 κρότεραι
915 1637 1114 1719 igitur
1142 1637 1275 1700 τῶν
1320 1637 1587 1721 μακρῶν
1620 1644 1804 1703 erunt
1846 1638 2079 1720 longae
2108 1638 2437 1703 minimam
2481 1638 2738 1720 longam
2783 1638 2867 1702 ir-

559 1740 938 1806 rationalem
983 1740 1193 1824 spatio
1253 1746 1663 1823 superantes3
1721 1737 2103 1824 μακροτάτη
2150 1746 2364 1805 autem
2419 1739 2553 1802 τῶν
2596 1740 2865 1823 μακρῶν

557 1849 766 1907 utrum
815 1842 1066 1907 disema
1110 1840 1288 1908 dicta
1316 1843 1401 1908 sit
1427 1843 1511 1908 ab
1542 1843 1953 1925 Aristoxeno,
1999 1863 2083 1908 an
2113 1844 2305 1908 fuerit
2346 1848 2693 1908 tetrasema
2717 1861 2867 1909 auc·

557 1951 695 2010 tore
740 1942 1027 2009 Aristide
1068 1947 1157 2027 (p.
1193 1948 1273 2009 33
1304 1943 1433 2009 Mb.
1464 1972 1551 1994 =
1582 1947 1686 2027 49,
1727 1950 1799 2012 19
1833 1944 1977 2030 W.)‚
2023 1965 2106 2010 an
2148 1945 2425 2029 denique
2471 1951 2866 2029 pentasema‚

557 2052 626 2111 ut
671 2047 897 2112 volunt
938 2065 1297 2128 anonymus
1342 2045 1425 2112 de
1456 2048 1705 2113 musica
1746 2067 1788 2113 a
1816 2047 2264 2114 Bellermanno
2296 2046 2505 2114 editus
2551 2054 2616 2113 et
2657 2047 2867 2114 Arabs

555 2148 944 2215 Farabensis
987 2147 1302 2231 (Westph.
1336 2147 1484 2214 Rh.³
1512 2169 1575 2232 p.
1609 2150 1738 2229 94),
1788 2149 1858 2215 id
1902 2149 2260 2216 diiudicare
2303 2149 2411 2216 hic
2453 2170 2581 2216 non
2630 2150 2866 2216 audeo.

730 2251 1154 2336 Rhythmicus
1186 2272 1342 2319 vero
1388 2254 1462 2337 is,
1508 2274 1550 2319 a
1580 2273 1706 2337 quo
1753 2254 2047 2320 notiones
2092 2254 2245 2319 illae
2287 2249 2688 2338 βραχύτεραι
2728 2254 2866 2316 τῶν

554 2355 881 2437 βραχειῶν
926 2360 990 2420 et
1032 2351 1436 2438 μακρότεραι
1479 2356 1613 2419 τῶν
1656 2356 1925 2439 μακρῶν
1970 2356 2362 2439 repetendae
2405 2363 2570 2439 sunt,
2619 2393 2703 2403 ——
2739 2357 2867 2423 for-

555 2464 727 2526 tasse
772 2459 914 2542 ipse
959 2458 1414 2541 Aristoxenus,
1473 2496 1553 2505 —
1610 2460 1870 2544 longam
1917 2466 1980 2526 et
2023 2459 2288 2527 brevem
2332 2460 2651 2545 syllabam
2696 2465 2870 2527 certe

554 2582 683 2627 non
727 2562 1082 2632 introduxit
1123 2563 1192 2627 in
1235 2560 1667 2645 rhythmicam
1715 2582 1917 2647 suam,
1963 2562 2079 2629 sed
2111 2582 2188 2629 eo
2230 2564 2497 2629 consilio
2542 2568 2868 2630 mutuasse

553 2685 595 2731 a
624 2665 908 2730 metricis
939 2663 1322 2747 cogitandus
1368 2671 1482 2749 est,
1530 2671 1601 2729 ut
1644 2664 1924 2750 doceret,
1969 2685 2188 2732 earum
2235 2665 2630 2749 syllabarum
2671 2672 2742 2731 ut
2784 2685 2867 2732 ne

554 2767 766 2849 spatia
809 2765 1071 2848 quidem
1117 2763 1481 2849 rhythmica
1525 2768 1650 2834 sibi
1696 2774 2091 2850 constarent,
2139 2768 2231 2833 ita
2272 2769 2564 2835 notiones
2609 2786 2867 2852 quoque

553 2889 594 2934 a
635 2865 1005 2951 rhythmica
1054 2866 1367 2933 arcendas
1424 2888 1598 2950 esse,
1659 2875 1854 2954 atque
1911 2877 1981 2938 ut
2035 2872 2335 2937 illuderet
2390 2870 2867 2954 quodammodo

557 2970 703 3035 illas
734 2969 1143 3036 metricorum
1172 2970 1486 3052 notiones,
1533 2974 2041 3056 comparativum
2079 2969 2412 3039 derivasse
2442 2980 2634 3058 atque
2663 2993 2865 3057 appo-

553 3071 780 3154 suisse,
827 3069 1001 3153 quod
1031 3090 1114 3136 ex
1152 3090 1342 3137 sensu
1387 3073 1796 3139 metricorum
1841 3076 2129 3157 profecto
2174 3075 2521 3141 absurdum
2565 3076 2703 3158 fuit,
2751 3078 2861 3160 qui

553 3193 745 3239 unam
789 3173 1049 3256 longam
1095 3192 1415 3257 unamque
1462 3174 1731 3241 brevem
1781 3197 1924 3244 esse
1968 3185 2339 3244 statuerant.

721 3276 940 3342 Pauca
983 3276 1111 3341 iam
1157 3275 1436 3342 dicenda
1464 3285 1608 3343 sunt
1655 3278 1739 3346 de
1768 3281 2010 3346 ultimis
2054 3280 2284 3363 capitis
2317 3280 2624 3346 Pselliani
2668 3280 2865 3364 primi

552 3379 768 3444 verbis
785 3427 801 3460 ,
863 3380 1105 3463 quippe
1164 3384 1332 3462 quae
1379 3380 1501 3445 viri
1559 3381 1735 3448 docti
1782 3402 1865 3449 ex
1909 3383 2280 3449 Aristoxeni
2324 3383 2643 3449 sententia
2684 3382 2861 3450 dicta

553 3499 694 3546 esse
752 3479 1044 3545 arbitrati
1098 3481 1163 3545 in
1219 3490 1640 3567 praeceptum
1698 3506 1739 3550 a
1781 3484 2149 3570 rhythmica
2202 3486 2665 3552 alienissimum
2712 3506 2861 3552 con-

552 3581 858 3648 verterint
886 3581 1150 3659 (Caesar
1178 3583 1299 3649 Rh.
1332 3585 1415 3650 M.
1447 3586 1526 3650 N.
1559 3586 1632 3651 F.
1664 3587 1696 3652 I
1726 3604 1789 3672 p.
1822 3590 1966 3671 628,
1999 3587 2386 3671 Grundzuge
2413 3609 2479 3672 p.
2515 3590 2668 3671 1623
2699 3589 2863 3654 Brill

550 3705 612 3767 p.
646 3686 760 3765 233
807 3682 1243 3768 Westphalius
1290 3688 1549 3772 ubique,
1597 3696 1988 3773 postremum
2034 3689 2153 3756 Rh.
2202 3690 2301 3757 ed.
2346 3691 2441 3755 III
2474 3712 2538 3775 p.
2572 3693 2697 3755 286
2719 3695 2861 3773 sq.).

550 3786 791 3850 Extant
835 3787 1002 3851 enim
1048 3786 1239 3852 haec:
1294 3792 1548 3877 μεγέθη
1595 3791 1716 3874 μὲν
1767 3789 1892 3878 γὰρ
1945 3791 2201 3878 χρόνων
2247 3784 2361 3857 οὐκ
2406 3784 2514 3858 ἀεὶ
2559 3789 2642 3856 τὰ
2689 3784 2859 3857 αὐτὰ

548 3888 934 3966 κατέχουσιν
1001 3887 1073 3952 αἱ
1140 3889 1486 3973 συλλαβαὶ,
1556 3893 1751 3977 λόγον
1814 3891 2044 3977 μέντοι
2109 3891 2227 3961 τὸν
2292 3887 2495 3960 αὐτὸν
2561 3887 2666 3959 ἀεὶ
2724 3896 2859 3961 τῶν

548 3990 876 4074 μεγεθῶν,
920 3987 1123 4076 ἥμισυ
1156 3990 1276 4073 μὲν
1319 3990 1446 4077 γὰρ
1478 3999 1773 4077 κατέχειν
1802 3994 1922 4083 τὴν
1964 4001 2276 4083 βραχεῖαν
2301 3995 2562 4082 χρόνου,
2611 3996 2859 4063 διπλά-

551 4114 698 4161 σιον
759 4092 831 4158 δὲ
875 4089 994 4177 τὴν
1055 4086 1334 4177 μακράν.
1422 4098 1509 4162 At
1552 4099 1719 4165 inter
1764 4101 2050 4184 syllabas
2096 4100 2369 4169 eandem
2416 4120 2670 4184 semper
2713 4122 2858 4186 pro-
