3177 4960
872 330 955 386 De
989 329 1401 385 irrationalitate
1435 329 1617 386 studia
1648 330 1968 402 rhythmica.
2450 332 2571 393 331

255 508 508 586 quarta,
556 502 823 570 inclinat
865 521 1120 589 semper
1163 501 1251 569 ad
1295 503 1594 587 ionicum,
1644 504 2226 589 antepaenultimus
2272 508 2571 590 semiqui-

254 606 442 673 naria
471 612 658 673 utens
681 605 766 672 ad
790 606 1233 690 antispastum,
1268 607 1801 691 semiseptenaria
1830 625 1985 674 vero
2008 608 2116 675 vel
2145 608 2362 676 media
2384 615 2568 678 utens

252 728 526 776 caesura
554 708 639 774 ad
671 709 982 792 ionicum;
1013 708 1290 793 ultimus,
1323 710 1435 792 qui
1465 715 1820 778 extremam
1854 716 1919 776 et
1948 715 2077 777 tres
2107 711 2348 794 primas
2378 712 2567 780 sedes

253 810 802 898 comprehendere
826 810 1205 895 cogitandus
1229 817 1347 896 est,
1373 810 1459 879 ad
1483 813 1762 880 ionicum
1786 812 2070 896 inclinat,
2095 813 2151 879 si
2174 813 2384 896 prima
2403 816 2567 882 arsis

254 914 579 982 confertur
622 912 712 979 ad
754 912 966 980 thesin
1010 919 1406 998 sequentem,
1452 915 1506 981 si
1552 910 1784 998 min'us,
1833 914 1918 980 ad
1964 916 2410 999 antispastum.

423 1016 739 1083 Videntur
782 1022 997 1083 autem
1041 1017 1342 1084 universe
1375 1016 1754 1084 statuendae
1801 1036 1944 1084 esse
1977 1015 2269 1101 duplices
2314 1019 2564 1086 irratio-

249 1119 538 1185 nalitatis
586 1125 650 1185 et
693 1119 1014 1186 anaclasis
1049 1119 1315 1202 formae,
1361 1138 1528 1202 quae
1556 1121 1811 1203 positae
1842 1127 1988 1186 sunt
2018 1121 2085 1186 in
2113 1121 2297 1187 varia
2326 1119 2564 1206 pedum

248 1219 749 1288 hexasemorum
792 1222 1224 1305 percussione.
1301 1218 1483 1299 Quae
1528 1222 1889 1289 accuratius
1936 1242 2261 1307 exponere
2303 1224 2566 1307 longum

249 1330 347 1391 est
393 1330 457 1391 et
500 1323 806 1391 abhorret
849 1344 891 1390 a
933 1325 1285 1408 proposito.
1362 1322 1567 1403 Quem
1613 1330 1828 1391 autem
1875 1325 1959 1392 ad
2005 1326 2267 1393 modum
2312 1346 2447 1394 rem
2495 1347 2565 1396 se

248 1426 493 1494 habere
539 1427 838 1510 cogitem,
883 1427 1117 1495 doceat
1160 1426 1325 1495 haec
1370 1425 1983 1510 diagrammatorum
2029 1428 2284 1496 tabula:

563 1559 845 1615 Anaclasis
880 1560 1072 1629 prima,
1741 1559 2028 1616 Anaclasis
2059 1561 2246 1629 altera,

347 1644 408 1698 in
443 1659 552 1713 qua
587 1645 962 1714 percutiuntur
993 1647 1278 1714 longarum
1537 1644 1595 1698 in
1630 1658 1739 1712 qua
1771 1643 2150 1712 percutiuntur
2184 1646 2463 1715 longarum

527 1729 824 1785 vicinarum
859 1730 1094 1800 priores:
1657 1728 1956 1783 vicinarum
1990 1729 2343 1798 posteriores:

482 1833 1042 1887 ,,-όυ’-Ῑ--όκ-”-’
1067 1873 1642 1889 .......
1668 1831 2161 1885 ..ἶ-ὐό-’Ᾰ-υό
2181 1864 2406 1891 ......

437 1920 1223 1971 ...ἑᾸυῙ-ῙκὲιλυΠ-.....
1592 1919 2224 1973 ...μ’ᾹιυῙ-ἐκ-Ῑ-Ῑ-υ-ῑέι
2243 1957 2404 1976 .....

400 2024 589 2056 .....
639 2004 1223 2056 ὐίῙ-υ-ίυΙ-ἰ.....
1592 2004 2405 2059 ....”α-ὐ’Λυ-ὐ.....

241 2124 430 2193 Unde
479 2126 689 2194 elucet
732 2126 1043 2192 inclinare

522 2244 962 2312 choriambum
993 2246 1026 2310 Ι
1083 2246 1167 2312 ad
1215 2246 1547 2330 syzygiam
1593 2247 1937 2313 iambicam
1985 2247 2116 2323 (ax
2138 2249 2288 2325 ost),

724 2396 749 2424 „
958 2349 1021 2414 ΙΙ
1079 2396 1105 2425 „
1342 2397 1367 2425 „
1541 2347 1932 2414 trochaicam
1982 2353 2050 2426 ('-'-
2069 2375 2113 2400 υ
2132 2369 2171 2405 x
2192 2350 2287 2433 ὁ),

526 2451 804 2520 ionicum
835 2471 874 2518 a
906 2452 1054 2518 min.
1087 2452 1118 2517 Ι
1148 2451 1233 2519 ad
1346 2500 1370 2526 „
1718 2499 1742 2527 n
1795 2449 1803 2456 ⁹
1974 2453 2039 2529 (x
2062 2479 2103 2502 υ
2122 2460 2170 2502 'L
2193 2453 2286 2535 ἕν),

650 2601 676 2630 ,,
834 2603 858 2631 ,,
962 2602 987 2631 „
1051 2555 1114 2620 11
1160 2602 1186 2631 „
1255 2600 1261 2606 -
1338 2601 1363 2629 „
1552 2554 1875 2637 epitritam
1906 2554 1937 2618 Ι
1982 2557 2284 2639 (mest),

527 2658 953 2741 antispastum
982 2658 1015 2723 I
1157 2704 1183 2733 „
1335 2704 1361 2732 „
1698 2703 1723 2731 „
1904 2656 1935 2721 Ῑ
1981 2658 2004 2732 (
2020 2664 2107 2707 ²2
2129 2670 2179 2712 ὁ
2198 2660 2283 2741 λ),

718 2808 743 2836 2,
943 2760 1006 2824 ΙΙ
1329 2805 1354 2834 n
1691 2804 1717 2833 n
1839 2757 1929 2823 IV
1977 2761 2037 2835 (ἑ
2060 2769 2112 2810 ‘¹‘
2129 2763 2173 2805 ''-
2194 2760 2280 2842 ν),

525 2862 807 2928 ionicum
837 2881 879 2927 a
909 2862 1055 2927 mai.
1089 2861 1122 2925 Ι
1152 2908 1177 2937 ,,
1331 2907 1356 2936 „
1693 2906 1718 2935 „
1844 2859 1933 2924 IV
1980 2866 2047 2936 ('-'
2068 2872 2175 2916 Μ
2195 2864 2283 2944 ⁹),

653 3012 678 3041 „
838 3013 863 3041 „
966 3013 991 3041 „
1056 2964 1177 3040 11„
1329 3010 1354 3039 ,,
1585 2963 1930 3030 iambicam
1977 2968 2177 3039 (ι’-ὐ
2196 2966 2282 3049 x),

405 3066 839 3151 Rhythmicae
863 3073 1078 3134 autem
1101 3066 1431 3134 doctrinae
1456 3067 1577 3133 erit
1590 3065 1948 3148 ostendere,
1976 3085 2143 3149 quae
2166 3085 2249 3133 ex
2272 3068 2367 3135 eis
2391 3068 2548 3151 figu-

235 3172 319 3238 ris
350 3171 593 3237 fuerint
621 3172 686 3236 in
718 3191 855 3255 usu,
903 3188 1070 3253 quae
1100 3170 1343 3236 formae
1375 3168 1724 3235 rationales
1757 3169 1923 3234 inter
1952 3188 2022 3235 se
2068 3167 2384 3251 diversae,
2432 3170 2547 3237 sed

234 3273 317 3341 ad
363 3292 766 3342 communem
822 3273 1092 3340 formam
1150 3272 1483 3339 metricam
1542 3270 1981 3337 irrationalem
2040 3268 2435 3353 redigendae
2481 3273 2547 3338 in

235 3377 693 3444 mutationibus
737 3375 1119 3460 rhythmicis
1151 3376 1277 3442 sint
1306 3373 1658 3457 adhibitae,
1706 3372 1985 3456 denique
2016 3371 2347 3456 indagare,
2392 3394 2544 3440 num

235 3480 295 3544 in
340 3480 492 3546 aliis
538 3479 795 3563 spatiis,
855 3478 1034 3546 velut
1086 3477 1457 3560 octasemis,
1519 3475 1849 3541 extiterint
1893 3474 2055 3541 tales
2099 3473 2545 3557 rhythmorum

232 3581 729 3651 vicissitudines.
821 3580 1011 3660 Quod
1056 3586 1126 3648 ut
1169 3578 1467 3662 exemplo
1513 3577 1817 3660 doceam,
1876 3582 2220 3644 metrorum
2268 3598 2435 3661 quae
2481 3581 2546 3646 in

233 3685 516 3769 strophis
562 3684 1099 3767 dactyloepitritis
1143 3683 1354 3750 inesse
1400 3681 1639 3763 solent,
1697 3679 2176 3747 vicissitudines
2229 3682 2545 3766 explicari

230 3792 499 3872 possunt
543 3788 654 3870 ita,
700 3793 771 3853 ut
814 3787 1121 3871 syzygiae
1165 3784 1549 3866 trochaicae,
1598 3802 1765 3865 quae
1808 3781 2197 3850 antecedunt
2230 3782 2542 3866 tripodias

234 3890 611 3976 dactylicas,
656 3908 822 3971 quae
868 3890 1079 3956 inesse
1125 3887 1450 3969 dicuntur,
1503 3885 1786 3952 habeant
1828 3885 2262 3951 irrationalem
2308 3884 2542 3969 pedem

232 3995 502 4060 alterum
534 3989 1036 4075 trochaeoidem,
1084 3992 1390 4075 syzygiae
1422 4008 1576 4057 vero
1609 3988 1947 4073 iambicae,
1992 4005 2158 4070 quae
2188 3985 2542 4054 subduntur

233 4096 550 4180 tripodiae
581 4094 1054 4178 anapaesticae,
1091 4098 1349 4159 utantur
1379 4091 1734 4158 irrationali
1764 4092 1977 4175 priore
2008 4088 2177 4174 pede
2208 4086 2537 4169 iamboidi,
