3177 4960
798 355 882 409 De
915 355 1329 411 irrationalitate
1364 353 1545 410 studia
1579 354 1898 425 rhythmica.
2383 359 2506 419 317

1641 492 1723 540 -ξ,
1915 495 1937 528 ὗ

509 576 1233 644 ᾦὲυζῖιῴλυυ-υίί
1316 575 2109 650 ξυῘ-ὐζίι-όυυΙ-υζζ

564 660 1306 730 έυ-Ῑ-Ἰὸιυυ-ψΗ-;
1430 661 2191 735 -ῙυΔΖΙ-ῲψυΙ-ψῌι..

1441 737 1591 764 ψ
1678 733 1848 820 νδ
1936 742 2081 772 ψ

1995 790 2017 821 5

1501 786 1522 817 5

187 836 258 899 In
315 834 640 900 telesilleo
697 839 912 900 autem
972 835 1159 901 tertio
1220 836 1647 922 intellegitur,
1704 840 1815 921 qui
1871 838 2012 906 fieri
2068 839 2378 924 potuerit,
2441 848 2509 907 ut

187 936 650 1003 irrationalitas
681 936 842 1002 duos
880 935 1187 1021 deinceps
1217 936 1419 1020 pedes
1450 938 1757 1007 afficeret.
1833 942 2165 1009 Telesillei
2214 944 2385 1009 enim
2415 943 2511 1008 III

188 1040 413 1121 forma,
462 1037 548 1103 ad
595 1057 786 1122 quam
830 1038 1039 1104 forma
1082 1039 1471 1107 irrationalis
1518 1042 1807 1127 inclinat,
1852 1045 2138 1129 incipere
2185 1044 2440 1111 videtur
2472 1066 2510 1110 a

189 1139 439 1205 duobus
484 1138 761 1223 pedibus
806 1138 1169 1220 trochaicis,
1219 1160 1487 1224 quorum
1531 1144 1762 1212 breves
1794 1145 1925 1211 ictu
1954 1152 2101 1212 sunt
2143 1165 2508 1231 percussae.

191 1243 351 1307 Tum
400 1242 949 1328 quemadmodum
994 1242 1061 1308 in
1105 1243 1302 1309 ionici
1339 1264 1379 1310 a
1423 1245 1669 1312 minore
1715 1253 1778 1312 et
1822 1246 2180 1315 choriambi
2224 1249 2510 1316 anaclasi

190 1364 298 1427 pes
330 1343 785 1412 trochaeoides
815 1346 882 1410 in
912 1344 1197 1411 iambum
1227 1347 1495 1413 vertitur
1525 1367 1642 1432 per
1672 1349 1865 1416 ictum
1892 1351 1957 1416 in
1989 1350 2172 1418 brevi
2203 1352 2506 1436 positum,

192 1447 275 1512 ita
319 1447 389 1513 in
440 1447 757 1514 telesilleo
802 1448 899 1513 III
942 1448 1041 1514 bis
1086 1449 1324 1515 factum
1373 1456 1487 1517 est.

359 1547 552 1628 Quae
584 1549 1000 1617 choriambici
1031 1556 1097 1617 et
1141 1551 1403 1619 iambici
1435 1554 1682 1619 numeri
1712 1554 1940 1619 mixtio
1987 1561 2084 1622 est
2128 1554 2512 1646 documento

195 1671 322 1718 rem
368 1654 469 1718 ita
513 1653 671 1737 fere,
717 1659 787 1718 ut
816 1654 1253 1737 exposuimus,
1301 1673 1372 1720 se
1417 1652 1658 1721 habere
1706 1656 1770 1721 in
1800 1656 2022 1722 metris
2067 1657 2199 1724 illis
2237 1658 2512 1741 pseudo-

195 1755 616 1839 logaoedicis.
706 1755 874 1821 Nam
906 1775 992 1822 ex
1021 1755 1193 1839 pede
1225 1755 1598 1841 hexasem0,
1632 1758 1742 1840 qui
1775 1758 1977 1825 tribus
2006 1759 2216 1842 longis
2250 1759 2513 1827 disemis

197 1857 617 1941 exprimitur,
678 1856 946 1941 dipodia
1004 1858 1285 1924 iambica
1329 1859 1436 1924 vel
1493 1857 1822 1926 trochaica
1875 1861 2053 1926 nullo
2111 1860 2303 1927 modo
2363 1862 2517 1928 oriri

197 1960 440 2043 potuit,
488 1957 603 2025 sed
652 1979 951 2026 numerus
996 1960 1377 2026 molossicas
1424 1962 1630 2028 omnis
1676 1963 2046 2029 mutationis
2093 1984 2326 2047 expers
2373 1985 2516 2032 esse

197 2061 521 2144 putandus
566 2067 681 2127 est.
771 2060 841 2127 Si
879 2081 1035 2128 vero
1065 2082 1194 2127 una
1224 2081 1306 2128 ex
1351 2063 1561 2145 longis
1608 2064 1736 2130 illis
1783 2064 1984 2132 tribus
2031 2066 2095 2131 in
2133 2085 2518 2150 unoquoque

196 2164 360 2246 pede
386 2164 680 2247 solvitur,
714 2164 754 2228 i.
782 2183 838 2230 e.
864 2164 920 2230 si
945 2169 1043 2230 est
1068 2161 1305 2246 χρόνος
1339 2161 1620 2249 δι’σημος
1657 2160 1890 2243 ἁπλῶς
1923 2163 2266 2248 σύνθετος,
2298 2189 2517 2236 nume·

197 2287 298 2333 rus
330 2266 408 2332 fit
441 2267 635 2349 plane
663 2266 829 2332 alius
859 2272 1055 2349 atque
1085 2267 1170 2332 ad
1201 2269 1619 2334 mutationem
1652 2270 1717 2333 in
1750 2269 2106 2336 diiambum
2135 2291 2517 2356 propensus.

204 2370 385 2436 Unde
449 2374 743 2453 apertum
792 2374 921 2451 est,
982 2388 1093 2435 cur
1139 2370 1453 2436 molossus
1510 2370 1788 2452 pedibus
1834 2372 2234 2454 simplicibus
2279 2373 2519 2439 adscri-

199 2472 384 2539 batur
445 2472 528 2538 ab
589 2470 1010 2554 AristoxenO,
1072 2469 1477 2538 choriambus
1534 2492 1691 2539 vero
1750 2478 1814 2539 et
1873 2474 2119 2540 ionicus
2177 2495 2218 2540 a
2274 2475 2519 2542 minore

201 2575 599 2660 compositis.
687 2574 849 2640 Item
913 2575 1254 2640 dimetrum
1314 2594 1349 2640 e
1410 2573 1659 2640 duobus
1717 2576 1968 2642 creticis
2027 2584 2325 2643 constans
2391 2598 2519 2644 non

202 2679 445 2760 patitur
475 2677 915 2761 mutationem,
964 2677 1083 2743 sed
1114 2697 1275 2761 opus
1308 2682 1405 2743 est
1450 2696 1642 2743 unum
1689 2697 1772 2744 ex
1815 2678 2210 2762 temporibus
2257 2679 2522 2747 disemis

202 2780 433 2847 mediis
466 2798 610 2847 esse
642 2772 874 2855 ἅπλῶς
922 2776 1270 2843 σύνθετον.
1360 2778 1432 2845 Si
1479 2780 1674 2862 igitur
1704 2800 1745 2846 a
1774 2778 2049 2847 dimetro
2096 2782 2332 2849 cretico
2377 2802 2523 2867 pro-

203 2882 568 2965 ficiscimur,
616 2881 686 2947 fit
731 2902 767 2948 e
798 2901 1065 2948 numero
1112 2882 1538 2966 incomposito
1585 2901 1885 2949 numerus
1933 2885 2344 2969 compositus,
2390 2886 2432 2951 i.
2467 2905 2522 2952 e.

204 2985 616 3051 tellesilleum
676 2986 798 3067 ita,
858 2991 930 3050 ut
985 2984 1155 3050 datis
1200 2984 1569 3051 mutationis
1616 2984 2102 3054 condicionibus
2162 2988 2227 3053 in
2272 2994 2524 3072 partem

208 3088 379 3154 illius
445 3106 748 3154 numerus
799 3087 965 3153 alius
1035 3088 1297 3170 irrepat.
1397 3088 1866 3156 Irrationalitas
1923 3096 2172 3171 autem,
2242 3091 2282 3154 i.
2331 3109 2385 3156 e.
2446 3110 2525 3156 ea

206 3189 452 3256 numeri
511 3189 754 3273 forma,
814 3208 979 3272 quae
1029 3195 1127 3255 est
1170 3189 1336 3255 inter
1380 3188 1542 3256 duos
1588 3190 1754 3256 alios
1800 3209 2097 3256 numeros
2144 3190 2377 3271 media,
2427 3197 2524 3256 est

207 3291 452 3357 numeri
502 3291 783 3358 inversio
817 3286 1229 3368 (ἀνάκλασις)
1274 3310 1402 3356 non
1446 3290 1734 3373 perfecta
1778 3289 2228 3373 significatque
2274 3293 2525 3358 numeri

209 3393 548 3478 compositi
595 3394 926 3477 originem.

1110 3644 1399 3712 CAPUT
1442 3644 1621 3711 XXI.

1034 3760 1164 3839 De
1218 3762 1327 3839 do
1350 3760 1709 3839 chmz'z‘s.

384 3900 605 3965 Pauca
648 3900 885 3966 addam
950 3900 1033 3966 de
1082 3899 1419 3966 dochmiis.
1510 3898 1796 3979 Quorum
1842 3899 1969 3968 duo
2016 3921 2259 3985 genera
2306 3900 2528 3985 digno-

211 4003 330 4068 scit
360 4001 678 4069 Ohristius
715 4002 958 4080 (Μεήτ.2
989 4021 1053 4086 p.
1087 4003 1257 4084 427),
1306 4021 1473 4086 quae
1518 4004 1816 4087 quamvis
1862 4004 2026 4071 inter
2072 4024 2141 4070 se
2185 4003 2530 4086 responde-

211 4110 353 4188 ant,
414 4110 631 4171 tamen
677 4124 819 4172 esse
864 4105 1114 4187 origine
1159 4104 1453 4189 diversa,
1512 4107 1787 4174 alterum
1831 4108 1914 4172 ab
1961 4107 2176 4172 iambo
2227 4106 2531 4192 incipere,

313 4212 543 4267 Leipziget
569 4211 769 4256 Studien.
821 4211 950 4256 XIV.
2150 4207 2212 4256 21
