3177 4960
901 368 986 423 De
1018 368 1439 424 irrationalitate
1474 369 1655 423 studia
1690 346 2010 438 rhythmica.
2485 346 2605 428 185

296 541 656 625 Dionysius
703 536 919 618 (ὥστε)
963 547 1187 608 auctor
1232 548 1346 608 est.
1434 542 1662 626 Itaque
1707 563 1834 609 una
1867 542 1983 607 illa
2024 542 2309 609 locorum
2354 544 2606 625 species

293 643 729 710 Ambrosiana
758 643 1051 728 impedit,
1083 645 1423 728 quominus
1454 664 1537 711 ex
1560 645 1791 711 ceteris
1822 664 2147 711 sumamus
2177 643 2607 729 rhythmicam

294 747 478 811 illam
507 745 1015 830 productionem,
1053 746 1136 813 de
1167 766 1296 830 qua
1324 747 1556 831 agitur,
1587 752 1882 832 spectare
1910 752 2206 831 tempora
2234 766 2606 813 monosemo

293 848 564 932 minora,
610 847 858 915 disemo
887 849 1152 915 maiora.
1227 847 1410 926 Quae
1443 869 1587 915 cum
1616 849 1708 914 ita
1737 850 1882 931 sint,
1919 855 2247 916 auctorem
2279 848 2606 915 doctrinae

296 950 394 1017 sic
435 951 573 1017 fere
617 951 954 1034 scripsisse
998 970 1259 1017 censeo:
1304 944 1339 1015 ὃ
1392 948 1789 1038 δὲ·ῥυθμὸς,
1836 945 1925 1026 ὥς
1966 948 2301 1033 βούλεται,
2355 951 2609 1033 παρέλ-

293 1074 398 1118 κει
426 1050 583 1128 τοὺς
624 1050 902 1136 χρό’νους
926 1054 1087 1131 (scil.
1118 1056 1250 1117 τῶν
1282 1054 1676 1136 συλλαβῶν),
1699 1050 1855 1129 τοὺς
1875 1052 1997 1136 μὲν
2019 1050 2310 1135 μακροὺς
2334 1055 2610 1118 συστέλ-

298 1155 451 1235 λων,
513 1152 669 1230 τοὺς
727 1153 800 1221 δὲ
854 1159 1122 1239 βραχεῖς
1181 1153 1516 1236 ἐκτείνων,
1577 1147 1751 1221 ὥστε
1806 1153 2135 1233 πολλάκις
2190 1154 2307 1222 τὸν
2362 1154 2609 1240 βραχὺν

291 1254 534 1343 χρόνον
576 1255 727 1322 ἰ’σον
770 1269 996 1324 ποιεῖν
1041 1260 1139 1343 τῷ
1181 1260 1434 1344 μακρῷ.
1524 1260 1721 1326 Cuius
1757 1279 2009 1326 summa
2052 1258 2215 1325 haec
2259 1278 2401 1327 esse
2449 1258 2610 1325 mihi

295 1360 575 1427 videtur.
652 1360 1065 1445 Syllabarum
1093 1362 1532 1443 longitudines
1561 1363 1906 1447 naturales,
1953 1381 2113 1445 quas
2143 1362 2392 1428 metrici
2432 1363 2610 1429 ‘solas

292 1463 683 1547 respiciunt,
749 1483 946 1547 saepe
1005 1484 1134 1530 non
1193 1464 1581 1530 conveniunt
1638 1484 1782 1531 cum
1846 1463 2292 1549 rhythmorum
2350 1464 2609 1548 spatiis3

293 1586 449 1630 nam
494 1585 711 1651 saepe,
756 1566 867 1633 ubi
911 1565 1251 1650 rhythmus
1296 1585 1739 1634 monosemum
1785 1573 2039 1650 tempus
2081 1568 2382 1650 postulat,
2428 1568 2609 1632 inve·

292 1669 502 1734 nimus
548 1668 866 1751 syllabam
925 1670 1203 1753 longam.
1293 1670 1459 1734 Tum
1499 1676 1716 1734 autem
1775 1676 1839 1735 et
1894 1667 2265 1751 rhythmum
2311 1674 2375 1734 et
2432 1670 2610 1734 lexin

297 1772 394 1836 ita
448 1771 614 1837 inter
668 1791 738 1839 se
794 1771 1127 1838 conciliari
1179 1770 1529 1855 rhythmici
1586 1772 1798 1855 aiunt,
1865 1776 1936 1836 ut
1991 1789 2112 1836 nec
2166 1790 2607 1837 monosemum

297 1874 601 1958 spatium,
647 1874 820 1957 quod
851 1873 1191 1958 rhythmus
1220 1874 1546 1955 legitimus
1574 1874 1878 1958 postulat,
1909 1892 2035 1940 nec
2064 1872 2403 1956 disemum,
2435 1874 2611 1957 quod
2714 1919 2718 1925 ‚

295 1976 466 2041 lexis
510 1995 820 2061 usurpare
865 1976 1149 2062 videtur,
1196 1976 1313 2043 sed
1370 1976 1630 2042 tertium
1686 1976 2138 2043 intermedium
2188 1982 2504 2060 occupent
2547 1983 2612 2042 et

296 2070 552 2163 tempus
597 2077 1030 2162 rhythmicum
1075 2073 1134 2158 (ὅ
1183 2074 1468 2164 ῥυθμὸς)
1516 2085 1580 2145 et
1624 2079 1880 2163 syllaba
1926 2075 2024 2158 (τὸ
2068 2075 2608 2166 ρυθμιζόμενον).

298 2180 397 2247 Of.
439 2181 725 2248 Aristox.
762 2202 827 2265 p.
862 2184 986 2246 280
1016 2182 1175 2248 Mor.
1208 2209 1293 2232 =
1324 2183 1427 2265 28,
1459 2184 1541 2245 20
1574 2181 1706 2247 W.:
1773 2175 1815 2265 ἦ
1871 2178 1997 2266 γὰρ
2059 2173 2223 2268 αὐτὴ
2284 2179 2457 2258 λέξις
2516 2179 2612 2258 εἰς

287 2274 572 2364 χρόνους
612 2286 896 2348 τεθεῖσα
928 2282 1375 2371 διαφέροντας
1413 2275 1736 2368 ἀλλήλων,
1786 2280 2113 2366 λαμβάνει
2141 2280 2333 2360 τινας
2364 2283 2610 2370 διαφο-

295 2384 419 2469 ρὰς
463 2383 799 2467 τοιαύτας,
849 2385 925 2451 αἵ
967 2379 1137 2452 εἷάιν
1193 2385 1344 2450 ἰ’σαι
1402 2377 1638 2462 αὐταῖς
1695 2388 1813 2470 τῆς
1869 2388 1990 2451 τοῦ
2034 2385 2301 2473 ῥυθμοῦ
2344 2384 2612 2473 φύσεως

297 2490 683 2576 διαφοραῖς.
772 2491 935 2559 Cum
978 2498 1194 2557 autem
1238 2493 1305 2556 in
1356 2489 1659 2574 rhythmo
1720 2491 1980 2556 trisemo
2040 2509 2158 2574 per
2201 2489 2609 2574 stropharum

295 2595 781 2678 responsionem
813 2613 1012 2677 saepe
1042 2594 1340 2660 trisemus
1368 2612 1487 2677 pes
1513 2592 1904 2676 respondeat
1924 2597 2268 2659 tetrasemo
2293 2600 2608 2676 correpto,

295 2716 416 2781 pes
460 2697 758 2763 trisemus
790 2696 876 2762 ad
908 2696 1188 2780 correpti
1222 2696 1550 2762 tetrasemi
1580 2696 1861 2779 spatium
1891 2694 2163 2761 accedat
2192 2714 2458 2761 necesse
2490 2703 2606 2779 est,

295 2805 369 2865 ut
397 2805 703 2866 accurata
728 2798 843 2865 fiat
869 2799 1222 2881 responsio.
1311 2797 1494 2864 Idem
1525 2797 1825 2864 accidere
1857 2797 2270 2881 cogitandum
2303 2804 2419 2877 est,
2453 2818 2608 2882 quo-

296 2903 422 2968 ties
466 2902 746 2985 spatium
789 2901 1129 2984 disemum,
1165 2900 1338 2984 quod
1368 2900 1711 2985 rhythmus
1739 2900 2067 2983 legitimus
2100 2901 2323 2985 exigit,
2356 2901 2611 2984 syllaba

296 3004 598 3089 expletur
640 3004 843 3087 brevi,
903 3003 1076 3088 quod
1119 3023 1238 3070 usu
1290 3004 1468 3069 venit
1511 3004 1576 3068 in
1629 3002 1933 3069 trimetris
1977 3002 2272 3069 iambicis
2318 3023 2360 3068 a
2403 3004 2609 3070 chori-

295 3107 491 3173 ambo
537 3095 1010 3190 incipientibus.
1085 3105 1217 3172 Sed
1247 3107 1314 3171 in
1347 3125 1426 3172 ea
1460 3106 1821 3172 accuratius
1864 3109 2094 3188 postea
2137 3105 2608 3188 inquirendum.

471 3209 573 3275 De
617 3210 851 3292 prioris
895 3215 1110 3274 autem
1153 3208 1328 3275 illius
1373 3209 1599 3275 classis
1642 3209 1803 3275 locis
1849 3208 2043 3273 etiam
2074 3206 2441 3273 addendum
2490 3214 2607 3290 est,

294 3332 379 3378 ne
426 3330 538 3378 eos
600 3311 861 3395 quidem
905 3316 1198 3395 spectare
1255 3312 1483 3394 longas
1535 3312 1603 3375 in
1658 3311 1988 3377 trisemum
2034 3309 2140 3374 vel
2197 3315 2610 3376 tetrasemum

296 3415 580 3498 spatium
633 3413 1011 3497 productas,
1070 3420 1140 3479 ut
1195 3433 1323 3480 non
1381 3414 1595 3479 dicam
1663 3414 1894 3479 breves
1960 3431 2332 3478 monosemo
2399 3415 2607 3496 spatio

296 3518 601 3583 minores.
692 3516 1044 3600 Dionysius
1073 3517 1271 3582 enim:
1316 3514 1723 3599 μακρότεραί
1765 3535 1970 3592 τινες,
2016 3514 2243 3597 inquit,
2291 3510 2425 3578 εἰσὶ
2475 3517 2611 3580 τῶν

298 3620 572 3701 μακρῶν
600 3619 713 3683 καὶ
755 3616 1158 3704 βραχύτεραι
1184 3619 1318 3682 τῶν
1353 3619 1702 3705 βραχειῶν.
1793 3615 1919 3694 Qui
1951 3617 2007 3683 si
2036 3637 2078 3683 a
2118 3618 2316 3700 longa
2359 3617 2610 3684 disema

300 3727 367 3787 et
409 3722 598 3787 brevi
627 3741 1000 3788 monosema
1042 3722 1369 3806 profectus
1403 3726 1651 3787 ceteras
1694 3719 1923 3802 longas
1968 3719 2328 3803 brevesque
2356 3720 2606 3785 metire·

297 3830 420 3907 tur,
466 3829 642 3890 certe
686 3844 797 3891 eas
841 3824 1116 3910 dixisset
1157 3825 1571 3905 μακροτέρας
1615 3822 1734 3907 τῆς
1791 3823 2046 3903 μακρᾶς
2090 3827 2155 3887 et
2203 3823 2610 3907 βραχυτέρας

296 3926 419 4010 τῆς
461 3929 795 4008 βραχείας.
887 3925 1075 4004 Quod
1119 3946 1273 3993 vero
1317 3926 1556 4010 plurali
1585 3925 1782 3991 utitur
1809 3944 2094 4008 numero,
2138 3923 2293 3989 inde
2323 3925 2611 4007 sequitur

299 4048 449 4095 eum
494 4029 636 4095 sive
679 4030 894 4113 potius
937 4034 1264 4096 auctorem
1294 4027 1746 4112 rhythmicum,
1797 4046 1879 4093 ex
1923 4046 2048 4110 quo
2080 4031 2197 4092 'sua
2239 4027 2427 4109 petiit
2456 4026 2607 4092 Dio-

298 4133 525 4215 nysius
540 4182 557 4214 ,
602 4152 728 4198 non
773 4132 859 4198 ad
904 4152 1094 4197 unam
1140 4139 1380 4199 certam
1439 4131 1763 4215 quandam
1817 4130 2051 4212 longae
2096 4129 2389 4211 syllabae
2431 4148 2605 4194 men-
