3177 4960
855 321 941 378 De
972 322 1387 379 irrationalitate
1420 322 1603 379 studia
1633 323 1954 393 rhythmica.
2433 326 2559 387 343

253 506 409 568 664:
473 492 662 573 ὅπως
717 493 915 561 καινά
970 519 1042 560 τε
1099 493 1327 582 κλύῃς,
1382 496 1528 563 Ant.
1581 500 1776 563 1307:
1829 505 1895 563 τί
1936 489 2126 580 μὀὐκ
2170 491 2453 567 ἆνταιαν
2484 523 2562 563 ω

258 606 457 671 13303
501 583 556 664 ’ὦ
602 589 904 664 κάλλιστ’
959 594 1135 680 ἐμῶν
1181 595 1330 681 ἐμοὶ
1373 603 1687 684 τερμίαν;
1732 600 1864 667 alia
1907 601 2214 669 tolluntur
2260 604 2560 671 emenda-

251 705 568 773 tionibus:
624 700 801 785 Sept.
835 703 990 767 6983
1049 697 1139 786 μὴ
1189 691 1622 785 ’ποτρύ-νου·
1675 698 1874 780 κακὸς
1918 694 1993 768 οὖ
2038 703 2370 793 κεκλή-σει
2411 710 2563 790 βίον

252 791 323 872 εὖ
369 802 657 893 κυρήσας
684 823 765 864 ω
796 800 949 869 7053
1017 800 1534 886 παρέ-στακεν·
1580 800 1731 870 ἐπεὶ
1788 802 2047 888 δαίμων
2095 805 2107 888 Ι
2160 804 2454 892 λήματος
2495 806 2565 874 ἐν

250 912 621 995 τροπαί-ᾳ,
678 907 790 972 ubi
847 925 964 991 pro
1023 903 1282 988 δαίμων
1339 905 1747 975 Hermannus
1790 914 1966 976 recte
2007 907 2294 994 κλύδων;
2340 930 2565 979 versus

252 1018 474 1080 autem
511 1011 671 1092 eius,
703 1008 807 1076 cui
838 1009 905 1074 in
936 1006 1097 1076 Oed.
1130 1008 1268 1076 Col.
1300 1008 1649 1093 respondet
1676 1031 1739 1076 v.
1777 1011 1973 1077 1478:
2018 1010 2210 1089 ἵλαος
2241 996 2294 1076 ὦ
2323 1010 2565 1096 δαῖμον

252 1113 449 1182 nimis
493 1112 738 1179 incerta
767 1117 867 1178 est
908 1111 1136 1194 lectio;
1183 1111 1414 1178 lacuna
1445 1112 1636 1194 enim,
1683 1131 1849 1195 quae
1895 1114 1959 1178 in
1990 1114 2179 1181 Laur.
2226 1114 2567 1183 intercedit

257 1223 407 1302 post
461 1211 704 1295 γύαλον
758 1213 965 1280 maior
1027 1231 1170 1280 esse
1214 1211 1504 1296 videtur,
1563 1213 2053 1301 Ποσειόαωνίῳ
2097 1218 2152 1283 L
2195 1224 2411 1284 autem
2456 1218 2563 1284 vel

254 1314 731 1400 Ποσειὸαονίῳ
760 1335 927 1383 recc.
961 1315 1149 1383 codd.
1182 1316 1508 1400 glossema
1538 1324 1654 1385 est.
1729 1316 1855 1397 Qui
1885 1326 2100 1387 autem
2132 1320 2564 1389 Wecklinium

254 1439 533 1504 sequens
576 1418 801 1487 scribit
844 1416 1012 1483 Phil.
1064 1419 1218 1483 188:
1265 1411 1308 1482 ἆ
1341 1409 1406 1481 δ’
1461 1410 2004 1504 ἆθυροστομοῦσ’
2050 1422 2061 1505 Ι
2101 1414 2238 1504 ἆχα)
2286 1415 2568 1508 (ἀθυρό-

262 1543 511 1604 στομος
553 1521 653 1604 L),
701 1520 760 1587 ei
805 1540 932 1587 non
975 1521 1129 1588 licet
1172 1521 1236 1586 in
1281 1521 1687 1607 antistropha
1715 1544 1774 1588 v.
1812 1527 1930 1587 177
1966 1524 2243 1593 retinere
2285 1526 2568 1594 Lauren-

256 1625 418 1693 tiani
465 1607 517 1686 ὦ
549 1619 864 1704 παλάμαι
908 1623 1197 1708 θνητῶν,
1243 1623 1353 1689 ubi
1398 1624 1584 1689 θεῶν
1629 1625 2096 1694 Lachmannus.
2185 1628 2347 1695 Item
2393 1628 2568 1712 quod

253 1727 455 1812 Hipp.
487 1726 643 1791 826:
671 1721 1127 1809 βαρύποτμον,
1156 1722 1349 1809 γύναι
1370 1744 1452 1785 ω
1475 1727 1630 1791 845:
1660 1724 1913 1809 μέλεος,
1947 1725 2091 1794 οἷον
2123 1723 2337 1796 εἶ-δον
2371 1723 2570 1814 ἄλγος

258 1825 485 1911 δόμων
539 1847 658 1911 pro
711 1824 904 1912 γύναι
949 1827 1136 1895 codd.
1182 1826 1290 1894 Po
1337 1826 1577 1894 habent
1619 1829 1901 1913 τλῆμον,
1958 1832 2134 1900 nullo
2178 1832 2372 1900 modo
2415 1832 2568 1899 ferri

254 1937 490 2018 potest.

430 2032 620 2101 Sedis
664 2039 880 2099 autem
926 2033 1095 2115 eius,
1157 2052 1323 2116 quae
1366 2033 1694 2100 antecedit
1735 2035 1908 2102 arsin
1953 2036 2420 2123 irrationalem,
2466 2059 2566 2106 so·

257 2139 419 2205 lutio
464 2155 591 2203 non
646 2135 898 2202 admitti
958 2135 1232 2203 videtur.
1321 2135 1489 2201 Nam
1550 2134 1727 2220 quod
1770 2137 1969 2222 Hipp.
2021 2142 2216 2205 1272:
2272 2141 2571 2206 ποτᾶται

262 2232 328 2305 δ’
382 2237 496 2304 ἐπὶ
553 2250 785 2323 γαῖ-αν
852 2228 1167 2323 εὓαχητόν
1224 2229 1304 2300 θ’
1350 2236 1360 2319 Ι
1402 2228 1697 2320 ἆλμυρὸν
1758 2236 1875 2304 ἐπὶ
1932 2237 2183 2305 πόντον
2239 2240 2569 2310 Seidlerus

263 2348 350 2428 (p.
377 2343 485 2421 54)
509 2341 763 2409 sublato
789 2336 903 2404 ἐπὶ
927 2340 1143 2423 priore
1174 2341 1239 2405 in
1270 2339 1715 2408 dochmiorum
1747 2341 2017 2408 formam
2040 2342 2312 2426 redegit,
2342 2362 2570 2426 parum

259 2443 620 2530 probabile.
693 2441 766 2510 si
798 2443 968 2510 enim
1002 2461 1081 2510 ea
1112 2461 1255 2510 cum
1286 2442 1501 2509 verbis
1534 2442 2061 2512 antecedentibus
2093 2444 2569 2530 coniungemus,

261 2548 554 2617 resilient
598 2546 948 2615 choriambi
993 2547 1430 2629 anaclomeni,
1493 2547 1669 2629 quod
1713 2553 1985 2613 metrum
2031 2549 2311 2615 maxime
2356 2549 2570 2615 sensui

264 2651 569 2718 idoneum
605 2656 720 2732 est,
767 2648 1010 2715 claudit
1039 2668 1152 2716 eos
1182 2648 1657 2734 pherecrateus,
1702 2656 1774 2716 ut
1803 2649 1989 2717 Herc.
2023 2650 2143 2717 fur.
2176 2652 2295 2715 681
2321 2671 2402 2710 ω
2423 2653 2569 2717 695.

263 2752 373 2820 Sic
401 2753 571 2819 enim
603 2752 844 2819 scribo:
892 2742 1206 2836 ὥκυτάτῳ
1237 2748 1484 2836 πτὲρῳ,
1530 2752 1864 2817 πατεῖ-ται
1895 2743 1959 2815 δ’
1998 2748 2111 2817 ἐπὶ
2143 2764 2340 2837 γαῖαν
2373 2745 2573 2838 εὐαγῆ

261 2848 342 2919 θ’
395 2855 498 2934 (cf.
545 2856 723 2921 PerS.
771 2857 921 2933 466)
968 2848 1259 2936 ἁλμυρόν
1310 2847 1374 2919 τ’
1429 2852 1543 2919 ἐπὶ
1598 2852 1868 2920 πόντον.
1931 2890 2012 2901 --
2071 2857 2170 2924 De
2213 2856 2405 2925 Herc.
2451 2857 2570 2923 fur.

263 2979 325 3025 V.
358 2958 481 3023 887
528 2958 659 3024 iam
703 2977 897 3040 supra
941 2956 1182 3023 dictum
1229 2963 1342 3024 est.

437 3058 510 3126 Si
540 3060 735 3142 igitur
779 3056 1080 3126 dochmio
1111 3058 1343 3126 claudo
1375 3079 1599 3127 versus
1646 3059 1984 3143 clauditur,
2030 3059 2571 3143 quemadmodum

264 3163 617 3229 trimetrum
680 3160 1024 3228 iambicum
1081 3161 1458 3246 plerumque
1513 3162 1753 3229 desinit
1806 3163 1870 3227 in
1925 3161 2191 3228 verbum
2240 3180 2276 3228 e
2323 3161 2573 3228 duabus

265 3264 644 3348 pluribusve
694 3262 964 3346 syllabis
1010 3264 1454 3346 compositum,
1500 3263 1565 3329 in
1610 3262 2057 3347 monosyllaba
2099 3281 2254 3329 vero
2299 3263 2392 3329 ita
2435 3269 2572 3330 tan·

267 3375 398 3435 tum
416 3416 433 3451 ,
492 3366 547 3433 si
603 3385 746 3433 cum
803 3365 1226 3433 antecedente
1281 3366 1480 3432 verbo
1536 3373 1676 3432 arte
1732 3366 2199 3449 coniunguntur
2241 3365 2351 3432 vel
2394 3364 2579 3432 aliud

268 3468 783 3553 monosyllabum
825 3467 1182 3551 antecedit,
1242 3469 1335 3534 ita
1378 3474 1443 3534 et
1485 3469 1550 3534 in
1597 3466 1899 3535 dochmio
1944 3473 2009 3534 et
2051 3467 2118 3532 in
2162 3467 2310 3534 aliis
2356 3468 2575 3535 metris

265 3570 517 3641 claudis
546 3569 844 3638 accidere
891 3577 1160 3655 oportet.
1248 3571 1322 3636 In
1367 3571 1652 3637 trimetro
1698 3571 1864 3636 enim
1911 3570 2352 3654 respirationis
2396 3589 2578 3637 mora

265 3682 415 3743 ante
460 3673 674 3742 thesin
719 3679 1072 3741 extremam
1119 3692 1198 3740 ea
1241 3672 1326 3739 de
1370 3693 1566 3740 causa
1610 3674 1917 3756 evitatur,
1962 3692 2046 3740 ne
2086 3679 2359 3740 metrum
2404 3672 2576 3740 clau·

269 3778 537 3844 ditatem
593 3775 918 3860 quandam
975 3776 1101 3844 sibi
1159 3774 1527 3858 contrahat,
1585 3777 1741 3842 item
1784 3794 1827 3841 a
1869 3775 2119 3843 claudis
2163 3776 2383 3843 metris
2426 3781 2576 3842 ante

268 3880 481 3948 thesin
527 3884 880 3946 extremam
927 3879 1193 3945 exclusa
1236 3885 1336 3945 est
1376 3878 1714 3962 respiratio
1760 3879 1899 3946 sive
1945 3897 2240 3962 caesura,
2286 3895 2369 3944 ne
2411 3877 2575 3944 arsis

268 3983 547 4068 spatium
578 3983 671 4048 ita
699 4000 958 4065 quoque
987 3981 1144 4048 satis
1172 3979 1633 4065 amplificatum
1679 4001 1757 4049 eo
1802 3982 2010 4065 magis
2054 3985 2368 4064 augeatur
2409 3997 2576 4046 neve

267 4103 603 4168 numerus,
648 4104 792 4152 cum
839 4084 1206 4151 continuum
1249 4103 1397 4155 eum
1447 4103 1590 4152 esse
1635 4103 1822 4152 aures
1866 4082 2135 4150 vixdum
2193 4082 2574 4165 percipiant,
