3177 4960
878 350 962 405 De
995 350 1411 405 irrationalitate
1444 350 1626 406 studia
1659 350 1978 419 rhythmica.
2462 350 2586 410 243

258 523 725 609 cognoscendo
771 523 938 590 adeo
969 525 1260 608 provecti
1292 544 1529 607 sumus,
1574 529 1645 590 ut
1674 522 1914 608 pedum
1959 523 2459 606 compositorum
2504 558 2585 567 —

258 636 471 712 atque
500 626 587 693 ad
613 646 724 693 eos
747 627 1152 710 potissimum
1185 631 1477 711 spectant
1506 632 1636 691 tres
1666 626 1820 691 illae
1845 624 2249 690 differentiae
2272 659 2355 668 —
2378 625 2590 707 spatia

266 751 353 797 ac
385 735 679 796 naturam
724 729 985 812 cognita
1029 727 1382 794 habeamus
1427 749 1506 794 ac
1534 734 1897 812 perspecta.
1987 727 2156 792 Nam
2191 726 2588 811 temporibus

263 852 424 913 non,
470 837 542 897 ut
584 850 735 897 usus
780 829 988 911 docet,
1035 829 1438 913 mensuratis,
1486 828 1602 895 sed
1650 848 1732 894 ex
1763 829 2029 895 arbitrio
2075 829 2214 895 sive
2259 827 2589 912 productis

266 936 419 1000 sive
478 932 788 1016 correptis
847 930 1248 1017 rhythmicae
1295 931 1726 1014 cognitionem
1784 950 2188 1014 nequaquam
2233 936 2592 1015 promotam

266 1055 420 1102 esse
463 1034 680 1101 adhuc
723 1054 843 1100 nec
887 1041 1249 1118 promotum
1295 1035 1375 1100 iri
1420 1036 1485 1099 in
1531 1039 1879 1117 posterum,
1926 1034 2218 1116 quisquis
2264 1033 2450 1115 sapit,
2496 1033 2590 1097 in-

263 1137 542 1220 tellegit.

447 1238 519 1304 Si
550 1239 746 1322 igitur
793 1229 1090 1320 ἇριθμὸς
1137 1245 1234 1305 est
1263 1239 1748 1305 intervallorum
1792 1238 1899 1303 vel
1929 1243 2289 1320 temporum
2320 1256 2588 1317 summa,

267 1341 566 1424 sequitur
609 1346 679 1406 ut
723 1360 1138 1424 quaeramuS,
1187 1340 1508 1425 quomodo
1552 1339 1667 1405 fiat
1712 1331 2009 1421 ἀριθμὸς
2054 1341 2118 1404 in
2162 1339 2276 1404 illo
2325 1329 2588 1422 ἆμελῳ-

271 1440 481 1528 ὁήτῳ,
528 1461 655 1525 quo
701 1441 1103 1508 irrationalia
1146 1445 1363 1527 spatia
1404 1463 1446 1508 a
1489 1442 1911 1509 rationalibus
1957 1440 2279 1507 differunt.

448 1544 539 1612 Ut
582 1564 778 1628 supra
823 1546 1188 1627 expositum
1220 1552 1336 1628 est,
1383 1539 1783 1629 παραλλαγὴ
1831 1544 1898 1608 in
1946 1563 2022 1608 eo
2054 1544 2240 1625 inest,
2287 1549 2358 1609 ut
2398 1544 2587 1608 inter·

268 1648 595 1713 vallorum
657 1646 927 1712 duorum
985 1648 1396 1713 rationalium
1450 1647 1640 1713 alteri
1702 1645 2076 1713 detrahatur
2136 1635 2589 1730 ἇμελῴόητον,

268 1750 468 1816 alteri
512 1747 806 1815 addatur.
896 1747 970 1814 Si
1013 1756 1228 1814 autem
1276 1748 1440 1814 illud
1485 1740 1912 1833 ἆμελῴὸητον
1957 1767 2084 1813 una
2123 1747 2413 1830 qualibet
2455 1747 2591 1813 toni

271 1859 463 1936 parte
520 1851 766 1915 minuta
822 1869 1201 1933 expressum
1260 1869 1403 1916 esse
1461 1852 1814 1934 cogitatur,
1870 1849 2281 1915 rationalium
2334 1849 2592 1915 illorum

272 1953 765 2019 intervallorum
825 1951 1328 2035 unumquodque
1388 1953 1455 2018 in
1500 1951 1815 2019 eiusmodi
1860 1943 2260 2037 duestqddvyw
2315 1952 2592 2017 solutum

274 2074 426 2121 esse
472 2054 743 2137 cogitari
774 2060 1007 2137 potest.
1097 2055 1292 2145 Velut
1319 2075 1601 2138 pycnum
1647 2053 2130 2120 enharmonium
2166 2054 2483 2120 rationale
2527 2055 2594 2119 in

274 2175 402 2223 sex
430 2163 647 2239 partes
694 2155 1131 2239 duodecimas,
1184 2150 1506 2240 ὑπερέχον
1551 2159 1617 2223 in
1665 2157 1894 2240 viginti
1941 2162 2257 2240 quattuor,
2303 2157 2406 2224 vel
2439 2177 2592 2241 pyc-

272 2278 432 2324 num
465 2257 926 2324 chromaticum
956 2259 1152 2324 molle
1182 2260 1249 2324 in
1282 2258 1844 2326 duodevicesimas
1876 2258 2240 2344 duodecim,
2271 2253 2595 2343 ὑπερέχον

274 2362 345 2426 in
377 2360 648 2443 triginta
678 2362 818 2426 tria.
911 2361 1077 2425 Tum
1112 2381 1394 2445 pycnum
1440 2361 1926 2427 enharmonium
1973 2361 2343 2436 irrationale
2389 2360 2595 2444 quod-

276 2462 431 2529 dam
478 2482 563 2528 ex
592 2460 994 2530 duodecimis
1039 2463 1330 2546 partibus
1362 2468 1631 2548 septem,
1674 2459 1999 2546 ὑπερέχον
2040 2483 2074 2528 e
2105 2463 2338 2545 viginti
2368 2462 2591 2545 tribus,

275 2563 742 2633 chromaticum
763 2571 978 2631 autem
1000 2565 1371 2630 irrationale
1403 2584 1438 2629 e
1463 2563 2005 2631 duodevicesimis
2027 2565 2356 2648 tredecim,
2387 2558 2595 2649 ὑπερ-

277 2671 429 2747 έχον
475 2687 512 2733 e
558 2667 823 2751 triginta
867 2666 1116 2732 duabus
1162 2667 1499 2733 constabit.
1588 2665 1907 2744 Quoniam
1952 2672 2165 2733 autem
2197 2663 2592 2751 παραλλαγὴ

277 2771 445 2836 inter
466 2789 683 2853 pycna
705 2776 770 2835 et
791 2766 1276 2852 hyperechonta
1304 2769 1588 2834 maxime
1618 2769 2057 2835 intercessisse
2080 2769 2220 2835 veri
2242 2769 2453 2835 simile
2477 2775 2595 2853 est,

276 2891 496 2954 pycna
539 2875 752 2936 autem
798 2876 864 2935 et
908 2868 1391 2954 hyperechonta
1435 2869 1520 2935 ad
1565 2870 1983 2937 duodecimas
2042 2877 2259 2953 partes
2304 2872 2598 2938 revocari

274 2979 569 3057 possunt,
616 2971 1066 3038 duodecimam
1111 2974 1244 3038 toni
1289 2978 1537 3057 partem
1582 2973 1649 3038 in
1684 2992 1906 3040 omnes
1950 2973 2319 3056 parallagas
2365 2973 2597 3042 cadere

277 3075 555 3158 cogitari
585 3080 817 3158 potest,
850 3080 1113 3158 propter
1145 3073 1319 3157 quod
1342 3074 1426 3140 ab
1450 3075 1841 3141 Aristoxeno
1872 3075 2126 3158 prolata
2156 3082 2254 3141 est
2277 3079 2594 3160 exemplo.

454 3176 588 3242 Sed
613 3177 719 3242 fac
737 3194 822 3241 ne
852 3178 916 3241 in
941 3177 1212 3260 singulis
1244 3176 1607 3243 intervallis
1631 3177 2107 3243 irrationalibus
2134 3177 2345 3242 inesse
2368 3176 2598 3245 credas

278 3274 442 3353 τοὺς
486 3279 624 3341 τῶν
671 3269 1118 3364 ἆμελῳόήτων
1152 3270 1508 3362 ἀριθμούς,
1554 3280 1647 3343 ita
1690 3284 1760 3343 ut
1802 3278 1871 3342 in
1915 3297 2134 3343 eorum
2182 3279 2602 3360 proportione

276 3382 498 3466 posita
541 3380 625 3446 sit
654 3378 963 3463 definitio,
1010 3382 1189 3447 velut
1230 3382 1298 3446 in
1329 3386 1678 3464 systemate
1726 3379 2141 3444 enharmonio
2187 3398 2381 3462 supra
2425 3381 2599 3448 dicto

278 3532 355 3584 At
383 3533 581 3586 neutro
617 3545 756 3599 opus
792 3538 893 3596 est,
931 3531 980 3584 si
1012 3530 1083 3584 ad
1119 3523 1522 3599 ἀντικείμενον
1546 3530 1879 3599 supplemus,
1914 3543 2025 3582 non
2050 3530 2197 3597 quod
2229 3528 2306 3585 illi
2330 3532 2602 3597 volebant,

280 3610 458 3681 τάξει,
485 3628 672 3668 verum
693 3614 942 3686 μεγέθει.
1011 3614 1257 3682 Quocum
1293 3620 1481 3683 aperte
1518 3613 1757 3668 concinit
1777 3612 2036 3668 Aristidis
2062 3612 2318 3668 definitio.
2393 3613 2602 3668 Cadent

277 3700 448 3768 igitur
486 3714 551 3753 eo
587 3699 752 3768 pedes
791 3701 920 3767 duo,
955 3715 1186 3769 quorum
1219 3700 1360 3754 alter
1393 3699 1453 3752 in
1488 3699 1599 3752 arsi
1633 3704 1846 3751 tantum
1890 3699 2149 3769 temporis
2184 3698 2381 3763 habet,
2429 3715 2599 3769 quan-

282 3789 400 3839 tum
436 3785 578 3838 alter
614 3785 670 3837 in
705 3784 861 3851 thesi,
899 3790 954 3839 et
991 3786 1134 3854 quod
1167 3785 1262 3839 ille
1296 3785 1353 3838 in
1386 3784 1548 3850 thesi,
1584 3783 1675 3837 hic
1710 3783 1767 3836 in
1792 3784 1931 3852 arsi3
1967 3783 2113 3838 velut
2148 3784 2358 3838 iambus
2396 3790 2451 3838 et
2484 3787 2598 3838 tro·

284 3870 492 3925 chaeus
527 3884 791 3938 percussa
824 3869 976 3924 brevi
1011 3873 1243 3935 utentes,
1280 3870 1374 3939 qui
1396 3869 1562 3938 pedes
1588 3868 1863 3923 coniuncti
1888 3885 2012 3925 cum
2039 3868 2309 3923 trochaeis
2344 3869 2603 3924 iambisve

284 3953 601 4024 vulgaribus
625 3953 869 4009 efficiunt
890 3954 1054 4024 pedes
1081 3956 1425 4024 compositos,
1461 3956 1610 4009 velut
1634 3954 2007 4009 choriambum
2030 3953 2250 4024 (-„'.‚fl„J-‘)
2284 3959 2338 4008 et
2361 3954 2603 4022 antispa-

286 4045 431 4094 stum
453 4039 690 4108 (ί-Ιέυ).
738 4032 1040 4096 Ἀντιθέσει
1063 4043 1244 4094 autem
1266 4041 1434 4109 pedes
1459 4040 1701 4108 singulos
1723 4039 1779 4094 in
1804 4040 2032 4109 pedibus
2058 4039 2371 4109 compositis
2392 4037 2605 4093 differre

289 4139 450 4192 posse
486 4129 680 4180 auctor
714 4130 798 4179 est
831 4124 993 4179 Mart.
1034 4123 1163 4194 Cap.
1204 4142 1255 4194 p.
1288 4129 1401 4178 193.
