3177 4960
1143 1142 1849 1226 PROOEMIUM.

1305 1330 1595 1399 CAPUT
1642 1334 1689 1396 I.

442 1465 834 1545 Hodierna
889 1467 982 1545 de
1042 1467 1488 1544 Graecorum
1539 1466 1949 1568 rhythmica
2002 1471 2164 1543 arte
2218 1466 2555 1544 doctrina

1248 1585 1746 1663 adumbratur.

512 1740 941 1825 Rhythmicae
989 1735 1381 1807 Graecorum
1440 1741 1769 1808 doctrinae
1826 1741 2146 1826 principia
2189 1741 2470 1823 petenda
2516 1760 2658 1808 esse

339 1844 422 1909 ab
459 1843 848 1910 Aristoxeno
896 1849 961 1907 et
1002 1849 1256 1908 veteres
1288 1845 1692 1909 consensisse
1723 1843 2023 1908 videntur
2053 1843 2158 1919 (cf.
2198 1841 2383 1909 Blass
2416 1843 2649 1909 Kleine

339 1945 536 2012 Beitr.
561 1965 673 2010 zur
697 1966 788 2029 gr.
814 1944 1053 2010 Metrik
1084 1946 1148 2009 in
1179 1946 1390 2010 annal.
1422 1945 1650 2029 philol.
1676 1944 2023 2011 CXXXIII
2046 1966 2108 2030 p.
2138 1948 2286 2024 451)
2318 1951 2381 2011 et
2412 1965 2654 2027 eorum,

341 2048 449 2131 qui
507 2054 728 2114 nostra
786 2053 1002 2113 aetate
1060 2047 1146 2112 ad
1205 2067 1348 2113 eam
1406 2049 1562 2114 artis
1622 2049 1903 2114 musicae
1962 2055 2213 2131 partem
2271 2048 2483 2113 studia
2540 2068 2657 2113 sua

339 2151 706 2232 contulere,.
730 2169 916 2216 nemo
964 2150 1102 2215 fere
1148 2156 1247 2215 est
1291 2151 1400 2232 qui
1445 2158 1657 2234 neget.
1747 2151 1834 2215 At
1878 2170 2266 2233 quamquam
2313 2151 2436 2215 viri
2483 2150 2656 2217 docti

339 2250 497 2317 haut
539 2252 730 2335 pauci
763 2272 1025 2335 operam
1058 2251 1298 2318 dedere
1330 2253 1663 2318 Tarentini
1695 2253 2097 2318 celeberrimi
2128 2252 2419 2335 reliquiis
2466 2247 2657 2318 i'nter-

336 2353 687 2436 pretandis,
733 2364 951 2419 tamen
980 2352 1194 2420 adhuc
1239 2358 1484 2419 tantum
1529 2354 1732 2436 abest,
1780 2360 1849 2419 ut
1894 2354 2208 2437 quidquid
2255 2356 2661 2438 praeceperit

335 2454 701 2539 rhythmica
756 2456 929 2522 illius
987 2455 1310 2535 doctrina,
1370 2455 1580 2522 denuo
1642 2462 2006 2522 construere
2066 2462 2130 2522 et
2180 2456 2266 2522 ad
2323 2462 2657 2541 poetarum

340 2564 545 2624 metra
589 2558 982 2642 explicanda
1024 2558 1339 2624 adhibere
1382 2559 1569 2625 nobis
1615 2560 1830 2640 liceat,
1885 2565 1955 2623 ut
1997 2578 2081 2623 ne
2125 2560 2472 2641 imaginem
2519 2560 2656 2641 qui-

340 2661 488 2727 dem
542 2662 701 2728 satis
762 2667 1001 2728 certam
1059 2660 1443 2726 adumbrare
1512 2662 1834 2744 possimus
1901 2660 2234 2728 doctrinae
2292 2662 2656 2744 universae,

342 2782 508 2846 quae
551 2764 790 2837 libris¹)
840 2759 1137 2848 ρυθμικὰ
1171 2774 1465 2843 στοιχεῖα
1497 2764 1823 2847 inscriptis
1855 2764 2317 2830 continebatur.
2406 2763 2657 2830 Causae

336 2871 552 2932 autem
599 2867 749 2932 talis
780 2873 1005 2947 status,
1050 2867 1115 2931 in
1163 2868 1342 2949 quali
1375 2867 1656 2950 cognitio
1687 2873 1907 2933 nostra
1935 2873 2248 2950 versatur,
2295 2887 2396 2932 me
2444 2866 2658 2933 iudice

340 2988 485 3033 cum
546 2969 718 3034 aliae
764 2975 941 3052 sunt,
1002 2976 1135 3034 tum
1181 2988 1260 3035 ea
1317 2970 1757 3052 potissimum,
1822 2968 1996 3051 quod
2040 2990 2081 3034 a
2124 2976 2381 3036 nostrae
2427 2970 2658 3035 aetatis

336 3089 456 3135 usu
496 3071 780 3137 rationes
811 3091 959 3137 suas
991 3070 1157 3137 adeo
1187 3091 1316 3136 non
1347 3072 1759 3137 abstinebant
1789 3072 1914 3137 viri
1959 3071 2154 3155 docti,
2202 3079 2272 3137 ut
2316 3078 2659 3155 conceptas

479 3240 526 3302 1)
561 3238 650 3289 An
690 3237 867 3291 dicam
903 3237 1084 3291 libro?
1122 3237 1273 3305 Quae
1298 3239 1439 3291 enim
1465 3239 1827 3292 Aristoxenus
1851 3239 1908 3290 in
1934 3239 2153 3292 exordio
2185 3240 2290 3291 iam
2325 3243 2662 3307 pertractata

336 3336 457 3374 esse
493 3321 654 3389 dicit,
703 3336 769 3375 ea
803 3322 964 3376 facile
999 3326 1236 3390 possunt
1272 3322 1506 3389 delegari
1543 3323 1614 3377 ad
1649 3323 2011 3392 prooemium,
2061 3324 2118 3377 in
2156 3339 2260 3391 quo
2300 3322 2557 3378 disseruit
2591 3323 2659 3377 de

333 3406 575 3461 musicae
630 3406 912 3461 doctrinae
964 3409 1217 3480 partibus
1264 3408 1353 3473 (cf.
1405 3408 1647 3473 Bartels‚
1704 3407 2015 3462 Aristoxeni
2050 3408 2119 3462 el.
2176 3408 2407 3478 rhythm.
2460 3408 2654 3477 fragm.

335 3491 561 3545 Bonnae
599 3496 750 3559 1854,
785 3509 839 3562 p.
869 3496 970 3556 21).
1043 3494 1313 3547 Pauciora
1350 3493 1491 3548 enim
1529 3499 1684 3558 sunt,
1724 3508 1885 3561 quam
1920 3499 1982 3546 ut
2017 3494 2216 3549 librum
2252 3494 2528 3563 potuerint
2561 3509 2653 3548 ex-

333 3577 508 3645 plere3
536 3577 803 3632 Aristides
830 3577 1044 3646 quidem
1069 3578 1435 3646 Quintilianus
1461 3580 1654 3646 paucis
1679 3582 1752 3647 (p.
1775 3582 1835 3632 31
1859 3578 1974 3633 Mb.
1990 3596 2124 3648 =p.
2147 3584 2232 3643 47,
2254 3583 2386 3633 5-9
2403 3579 2652 3646 Westph.

333 3660 550 3729 Fragm.
574 3678 628 3715 u.
649 3663 969 3729 Lehrsatze)
994 3679 1058 3717 ea
1083 3663 1328 3718 absolvit.
1385 3662 1534 3730 Quae
1559 3670 1741 3718 autem
1765 3664 1864 3718 viri
1888 3664 2035 3719 docti
2059 3665 2382 3733 (Westphal.
2402 3681 2457 3733 p.
2488 3668 2552 3718 26
2571 3679 2654 3733 sq.

331 3746 546 3801 Bartels
582 3764 638 3815 p.
668 3751 730 3802 18
750 3764 865 3817 sqq.
918 3748 1120 3803 Caesar
1163 3747 1268 3804 Rh.
1304 3749 1444 3801 Mus.
1485 3748 1552 3802 N.
1580 3748 1642 3801 F.
1684 3749 1711 3802 I
1745 3766 1800 3818 p.
1829 3750 2135 3816 627)·libro
2186 3751 2358 3820 primo
2408 3750 2654 3805 tribuunt

331 3846 399 3886 ex
440 3831 621 3887 Psello
672 3834 903 3887 maxime
944 3835 1145 3902 petita,
1193 3848 1259 3887 ea
1306 3834 1581 3902 pertinent
1626 3834 1698 3888 ad
1741 3831 1849 3891 τὸν
1895 3832 1959 3891 ἐν
2001 3839 2246 3906 μουσικῇ
2292 3830 2655 3904 ταττόμενον

334 3916 587 3990 ῥυθμόν,
642 3918 708 3973 de
756 3934 864 3988 quo
912 3922 1028 3972 tum
1082 3919 1296 3973 demum
1350 3917 1756 3988 disputaturum
1802 3936 1861 3974 se
1907 3936 2027 3975 esse
2074 3920 2363 3990 profitetur
2414 3919 2654 3975 musicus

334 4011 410 4071 (p.
438 4006 536 4057 268
572 4003 691 4061 init.
729 4003 912 4070 Mon).
983 4004 1173 4073 Itaque
1210 4003 1481 4073 excerptis
1519 4004 1721 4059 nostris
1757 4005 2043 4060 inserenda
2079 4006 2263 4076 potius
2301 4014 2458 4061 erunt
2494 4020 2653 4073 quam

336 4088 559 4157 proprio
595 4087 737 4142 libro
778 4088 1306 4158 comprehendenda3
1347 4091 1414 4143 cf.
1452 4090 1596 4144 infra
1631 4108 1684 4160 p.
1718 4093 1830 4145 189.

2245 4177 2338 4228 12*
