3177 4960
852 283 955 341 'De
988 285 1401 341 irrationalitate
1436 286 1619 341 studia
1653 287 1969 357 rhythmica.
2461 289 2584 347 259
2638 283 2651 299 '

254 459 449 538 Quas
502 460 681 541 leges
726 458 811 525 ad
857 464 1201 526 metrorum
1259 479 1558 527 numeros
1619 460 2100 544 cognoscendos
2156 460 2582 530 adhibeamus

254 569 329 630 et
382 562 679 646 quamvis
724 580 843 628 usu
890 581 1018 628 non
1063 563 1285 645 utique
1329 582 1582 649 semper
1628 562 1888 647 probari
1930 563 2203 631 fortasse
2249 572 2580 651 appareat,

249 670 484 730 tamen
529 664 762 747 exequi
810 684 919 730 eas
967 684 1267 731 conemur
1323 670 1516 749 atque
1561 667 1629 731 in
1675 666 1768 732 eis
1815 665 2212 749 exequendis
2271 673 2580 750 quatenus

251 767 442 851 licet,
488 766 992 851 progrediamur.

1218 1004 1505 1072 CAPUT
1552 1005 1634 1070 X.

562 1137 681 1217 De
733 1141 983 1217 metris
1036 1138 1628 1236 ἀπεμφαίνουσι,
1686 1164 1873 1239 quae
1928 1138 2287 1216 dicuntur.

446 1295 833 1361 Trimetrum
892 1295 1240 1361 iambicum
1297 1293 1382 1361 ad
1426 1315 1583 1362 sena
1640 1296 1850 1378 spatia
1906 1295 2167 1361 trisema
2212 1312 2353 1360 esse
2397 1310 2584 1358 revo-

263 1395 571 1477 candum,
619 1397 711 1462 ita
740 1401 809 1461 ut
837 1397 1208 1463 universum
1255 1397 1393 1463 eius
1438 1398 1717 1481 spatium
1763 1397 1845 1463 sit
1889 1395 2336 1479 duodeviginti
2379 1414 2583 1460 mora-

258 1520 446 1582 rum,
504 1499 701 1582 vulgo
745 1499 1054 1565 creditur.
1132 1498 1330 1583 Atqui
1377 1501 1602 1567 comici
1649 1499 2059 1584 saepissime,
2120 1499 2348 1581 tragici
2394 1498 2584 1563 inter-

261 1603 427 1669 dum
485 1621 602 1685 pro
657 1600 870 1667 iambo
902 1593 1171 1684 ‘ponunt
1222 1608 1678 1684 anapaestum,
1740 1607 2040 1684 quattuor
2083 1607 2295 1666 autem
2342 1618 2584 1681 morae,

266 1722 446 1788 quae
487 1705 552 1769 in
582 1710 932 1788 anapaesto
976 1704 1187 1771 inesse
1217 1703 1538 1787 videntur,
1584 1703 1669 1770 ad
1717 1704 2045 1770 trisemum
2077 1703 2354 1786 spatium
2400 1719 2583 1767 revo-

262 1808 409 1873 cari
439 1827 560 1872 non
604 1811 891 1890 possunt,
936 1807 1062 1872 nisi
1094 1826 1221 1872 una
1261 1807 1564 1888 pluresve
1597 1825 1814 1872 morae
1859 1807 1925 1871 in
1969 1805 2275 1889 temporis
2307 1804 2583 1887 spatium

260 1910 479 1993 primo
524 1909 732 1974 minus
778 1909 1236 1993 corripiantur,
1296 1908 1470 1991 quod
1514 1929 1555 1974 a
1599 1909 1906 1993 temporis
1966 1909 2156 1992 primi
2202 1914 2431 1973 natura
2474 1907 2583 1972 ab·

265 2012 536 2078 horrere
567 2010 1028 2077 contendimus.
1075 2010 1207 2077 Sed
1238 2012 1423 2078 salva
1451 2013 1599 2095 lege
1631 2012 2060 2078 Aristoxenea
2090 2030 2225 2076 rem
2257 2010 2584 2095 explicare

273 2115 633 2199 poterimus
660 2114 861 2181 variis
890 2114 1120 2181 modis.
1209 2115 1376 2180 Nam
1423 2120 1536 2181 aut
1578 2120 1832 2199 tempus
1876 2115 2152 2198 primum
2197 2115 2263 2178 in
2309 2112 2586 2196 pedibus

269 2217 405 2284 illis
450 2217 880 2301 anapaesticis
925 2218 1034 2283 vel
1090 2218 1156 2282 in
1200 2217 1418 2283 metris
1477 2218 1773 2284 iambicis
1817 2221 2201 2300 anapaestos
2246 2214 2586 2281 admitten-

266 2321 444 2387 tibus
490 2319 828 2385 dimidium
861 2321 999 2386 eius
1043 2340 1380 2404 possumus
1425 2326 1675 2404 putare,
1722 2319 1892 2402 quod
1939 2320 2004 2384 in
2038 2320 2267 2385 ceteris
2310 2317 2586 2401 pedibus

268 2424 383 2491 vel
412 2423 633 2490 metris
679 2421 971 2489 iambicis
1003 2441 1145 2490 esse
1170 2423 1523 2505 consuevit,
1569 2441 1779 2506 agoge
1809 2426 2023 2488 autem
2061 2419 2260 2503 duplo
2294 2421 2585 2503 celerior,

270 2529 367 2593 ita
424 2533 491 2592 ut
548 2532 719 2593 totus
775 2544 892 2610 pes
935 2545 1064 2592 non
1108 2526 1192 2592 sit
1245 2526 1577 2609 trisemus,
1638 2545 1861 2592 verum
1905 2523 2324 2606 hexasemus,
2384 2521 2585 2589 thesis

272 2635 489 2696 autem
538 2634 837 2713 quattuor
868 2648 1080 2696 moras
1110 2629 1587 2713 complectatur.
1679 2629 1766 2694 At
1808 2627 1891 2695 de
1936 2626 2152 2694 iambo
2197 2624 2585 2693 trochaeove

272 2731 556 2814 simplici
624 2729 973 2797 hexasemo
1033 2729 1196 2795 nihil
1254 2736 1649 2815 compertum
1721 2729 2051 2797 habemus.
2153 2728 2283 2794 Aut
2334 2734 2585 2813 tempus

270 2835 552 2918 primum
585 2853 727 2900 cum
772 2834 954 2900 brevi
986 2835 1320 2918 anapaesti
1352 2834 1557 2900 altera
1587 2834 1933 2900 convenire
1979 2833 2337 2916 statuimus,
2383 2830 2587 2916 pedes

270 2944 490 3004 autem
536 2937 984 3020 anapaesticos
1031 2942 1095 3002 et
1138 2937 1448 3002 iambicos
1499 2937 1664 3028 inter
1710 2956 1780 3003 se
1824 2956 1967 3004 esse
2011 2936 2338 3019 aequales,
2384 2936 2475 3000 ita
2518 2939 2587 3000 ut

272 3040 472 3106 iambi
505 3040 667 3105 arsis
697 3040 887 3105 tertia
915 3040 1222 3123 temporis
1251 3040 1442 3122 primi
1467 3046 1651 3123 parte
1680 3040 2015 3124 anapaesti
2045 3040 2226 3105 brevi
2252 3038 2335 3105 sit
2361 3038 2585 3103 maior.

276 3141 567 3221 Quocum
634 3142 977 3208 convenire
1044 3141 1286 3208 dixerit
1349 3143 1703 3227 quispiam,
1772 3142 1945 3227 quod
2009 3141 2256 3208 metrici
2323 3138 2587 3222 quidam

276 3245 454 3321 (Mar.
490 3243 654 3311 Vict.
685 3266 748 3328 p.
782 3246 897 3328 83,
934 3248 1045 3322 173
1099 3243 1425 3310 Censorin.
1458 3266 1522 3329 p.
1555 3247 1703 3328 613,
1738 3247 1797 3322 1)
1844 3244 2196 3310 trimetrum
2239 3241 2586 3306 iambicum

276 3352 568 3435 recipere
597 3354 888 3433 tempora
930 3346 1209 3431 plurima
1236 3347 1467 3430 viginti
1514 3352 1811 3431 quattuor
1857 3345 2094 3412 dicunt.
2184 3344 2271 3412 At
2314 3344 2381 3410 id
2415 3351 2589 3412 certe

277 3473 398 3519 non
445 3473 490 3518 a
532 3450 1044 3534 rhythmicorum
1090 3449 1382 3515 doctrina
1426 3448 1842 3534 repetendum
1893 3454 2021 3533 est,
2068 3447 2186 3515 sed.
2232 3453 2328 3515 est
2372 3449 2587 3515 metri-

278 3575 494 3621 corum
554 3555 873 3639 ipsorum,
942 3553 1050 3636 qui
1117 3553 1402 3618 trimetra
1468 3550 1786 3635 quaedam
1845 3551 2093 3617 comica
2151 3571 2234 3618 ex
2293 3551 2588 3618 omnibus

278 3657 585 3741 spondeis
632 3657 738 3722 vel
783 3656 1153 3739 anapaestis
1199 3655 1553 3738 composita
1600 3654 1799 3730 (velut
1842 3654 2002 3719 Ran.
2041 3656 2261 3737 1203),
2306 3674 2435 3721 non
2481 3655 2583 3719 tri-

279 3761 464 3827 metri
496 3759 728 3825 comici
759 3757 1028 3842 figuram
1075 3779 1191 3842 per
1222 3778 1291 3824 se
1324 3757 1691 3842 respiciunt.
1779 3756 2009 3841 Neque
2039 3776 2195 3823 vero
2245 3755 2325 3822 de
2371 3758 2586 3823 iambo

277 3867 619 3928 tetrasemo
681 3861 1032 3944 quidquam
1087 3861 1390 3927 traditum
1446 3865 1560 3926 est.
1662 3860 1793 3925 Aut
1848 3879 1993 3926 cum
2049 3859 2419 3926 Hermanno
2480 3861 2588 3936 (el.

275 3963 475 4032 doctr.
523 3969 703 4030 metr.
750 3984 812 4047 p.
839 3966 913 4029 21
952 3983 1068 4047 sq„
1115 3964 1266 4047 epit.
1313 3962 1374 4029 d.
1422 3968 1602 4030 metr.
1649 3964 1821 4039 §35)
1866 3962 2142 4044 aliisque
2187 3963 2388 4038 (velut
2430 3961 2586 4028 Cae-

277 4086 439 4150 sare,
471 4067 744 4149 Grdzge.
777 4087 840 4151 p.
879 4068 1025 4144 164)
1058 4066 1343 4149 syllabas
1376 4066 1686 4132 sermonis
1719 4065 2025 4132 cotidiani
2069 4065 2585 4147 pronuntiatione
