3177 4960
578 345 702 405 200
1546 343 1707 412 Hugo
1741 342 1776 397 J
1777 348 1934 398 usatz

577 538 640 601 p.
675 521 789 602 51,
842 520 918 581 12
961 517 1092 583 W.:
1152 508 1442 600 ἀλόγων,
1489 506 1582 579 ὦν
1629 506 1745 580 οὖκ
1790 513 2019 597 ἔχομεν
2065 511 2294 579 διόλου
2351 509 2465 577 τὸν
2525 510 2721 598 λόγον
2773 511 2888 579 τὸν

580 610 796 683 αὐτῶν
843 610 1073 696 (αὐτὸν
1113 619 1288 694 libri)
1331 618 1465 681 τῶν
1503 618 1826 700 χρονικῶν
1868 618 2085 704 μερῶν
2130 612 2348 682 εἰπεῖν
2393 612 2566 698 πρὸς
2611 608 2889 703 ἄλληλα)

578 728 644 788 et
685 719 1004 788 Bacchius
1035 719 1128 804 (p.
1163 723 1245 786 23
1275 720 1428 802 Mb„
1452 749 1540 769 ==
1569 722 1673 804 66,
1706 721 1786 784 28
1818 719 1949 786 W.:
1996 713 2235 803 ὁπόσῳ
2269 716 2341 782 δέ
2376 715 2558 783 ἐστιν
2589 714 2890 783 ἐλάσσων

577 811 619 909 ἢ
673 819 916 904 μείζων
975 819 1088 887 διὰ
1131 819 1208 887 τὸ
1270 819 1446 907 λόγῳ
1493 816 1667 887 εἶναι
1723 819 2218 900 δυσαπόόοτον,
2279 818 2353 897 ἐξ
2406 814 2610 886 αὗτοῦ
2650 818 2892 886 τούτου

581 922 1071 1010 συμβεβηκότος
1129 918 1369 1009 ἄλογος
1425 922 1703 1010 ἐκλήθη)
1757 945 1886 991 una
1929 945 2089 992 voce
2131 923 2452 991 affirmant
2494 924 2894 1008 rhythmicos

581 1028 844 1095 omnino
900 1048 1029 1095 non
1093 1028 1383 1113 potuisse
1442 1027 1659 1094 dicere
1677 1078 1693 1111 ‚
1763 1032 2001 1111 quanto
2055 1027 2452 1094 irrationalia
2506 1034 2801 1112 tempora
2855 1045 2898 1093 a

577 1131 1001 1198 rationalibus
1045 1130 1428 1215 discrepent.
1518 1128 1696 1209 Quos
1745 1130 1924 1196 locos
1968 1149 2190 1197 omnes
2233 1129 2673 1214 Westphalius
2718 1128 2896 1211 (Frg.

580 1253 641 1298 u.
674 1232 931 1300 Lehrss.
963 1253 1025 1317 p.
1058 1235 1204 1316 221,
1256 1233 1453 1315 alias3
1505 1233 1661 1299 item
1705 1231 1959 1299 Gratius
1988 1252 2053 1315 p.
2086 1234 2190 1307 39)
2239 1252 2321 1299 ex
2363 1251 2672 1315 perversa
2714 1232 2899 1298 vocis

583 1327 826 1417 ἄλογος
872 1336 1398 1420 interpretatione
1431 1340 1603 1401 ortos
1648 1354 1791 1401 esse
1836 1334 2199 1417 contendit3
2241 1334 2540 1400 nimirum
2585 1338 2903 1417 provocat

582 1438 668 1503 ad
715 1438 1174 1505 Aristoxenum
1218 1439 1429 1522 ipsum
1475 1438 1652 1513 (item
1697 1435 2161 1504 Brambachius
2205 1437 2328 1502 Rh.
2359 1457 2421 1503 u.
2452 1441 2633 1503 metr.
2665 1436 2899 1503 Unter-

581 1538 957 1623 suchungen
1000 1560 1063 1623 p.
1103 1542 1226 1623 15),
1272 1540 1514 1624 quippe
1558 1540 1671 1623 qui
1715 1538 1891 1606 dicat
1932 1535 2008 1603 τὸ
2058 1531 2298 1622 ἄλογον
2343 1558 2484 1605 esse
2527 1535 2697 1602 κατὰ
2741 1534 2902 1614 τοὺς

583 1642 717 1706 τῶν
750 1633 1069 1726 ἀριθμῶν
1098 1639 1308 1723 μόνον
1340 1639 1574 1726 λόγους
1619 1638 1836 1727 ῥητόν,
1882 1642 1924 1706 i.
1958 1662 2012 1708 e.
2044 1660 2451 1707 numerorum
2479 1641 2901 1725 proportione

584 1745 860 1827 exprimi
889 1764 1101 1828 posse.
1191 1743 1374 1822 Quae
1406 1744 1611 1810 verba
1639 1764 1832 1827 quam
1874 1763 2213 1828 perperam
2257 1743 2662 1827 perspexerit
2691 1742 2900 1809 West·

581 1846 860 1929 phalius,
906 1847 1075 1911 infra
1112 1846 1587 1914 demonstrabo.
1678 1844 2016 1925 Quomodo
2060 1851 2276 1911 autem
2321 1846 2571 1922 erroris,
2616 1845 2729 1928 qui
2773 1844 2902 1929 ipsi

583 1946 861 2025 videtur,
906 1966 1288 2014 consensum
1321 1954 1526 2013 ortum
1560 1967 1705 2014 esse
1750 1949 2081 2031 cogitaret,
2126 1966 2208 2013 ne
2252 1947 2452 2013 verbo
2495 1946 2761 2031 quidem
2804 1947 2901 2013 in-

583 2048 847 2115 dicavit.
951 2049 1090 2132 Ego
1158 2048 1420 2132 quidem
1489 2069 1750 2116 causam
1808 2050 2005 2115 aliam
2058 2050 2344 2133 cogitare
2396 2068 2648 2132 nequeo
2706 2068 2904 2133 quam

586 2151 852 2234 originis
898 2152 1431 2218 communionem.
1519 2151 1718 2234 Atqui
1762 2172 1804 2217 a
1860 2171 1986 2234 quo
2031 2152 2426 2236 repetierunt
2468 2171 2690 2218 omnes
2747 2157 2903 2236 tres,

583 2253 846 2320 ultimus
900 2260 1123 2321 auctor
1178 2254 1345 2319 alius
1404 2273 1545 2320 esse
1604 2273 1732 2319 non
1790 2255 1999 2337 potuit
2052 2254 2177 2321 nisi
2232 2254 2676 2321 Aristoxenus.
2765 2252 2906 2320 Sed

585 2360 725 2420 utut
769 2354 837 2420 id
883 2361 1000 2439 est,
1046 2361 1296 2423 constat
1325 2355 1732 2439 Dionysium,
1777 2356 1889 2439 qui
1931 2357 2304 2423 Aristoxeni
2351 2356 2458 2422 vel
2480 2357 2904 2423 Aristoxene-

586 2478 767 2525 orum
823 2458 1023 2526 libros
1067 2458 1430 2543 inspexisse
1477 2457 1759 2543 videtur,
1815 2457 1978 2525 nihil
2022 2464 2419 2543 compertum
2467 2458 2773 2527 habuisse
2814 2458 2905 2526 de

586 2568 760 2629 certa
806 2560 1081 2646 quadam
1127 2569 1483 2645 temporum
1530 2562 1995 2629 irrationalium
2036 2581 2354 2629 mensura.

1517 2884 1805 2951 CAPUT
1859 2885 1967 2950 VI.

1126 3015 1247 3094 De
1298 3020 1863 3096 irrationalitate
1914 3019 2359 3101 harmonica.

759 3172 921 3239 Cum
986 3179 1202 3240 autem
1269 3174 1351 3241 de
1421 3173 1656 3241 choreo
1723 3174 2079 3240 irrationali
2138 3176 2544 3259 exposuisset
2600 3177 2906 3264 musicus,

586 3276 1086 3343 rationalitatem
1132 3282 1197 3342 et
1239 3276 1824 3360 irrationalitatem‚
1871 3296 2038 3359 quae
2083 3274 2497 3360 λαμβάνεται
2540 3280 2701 3364 περὶ
2744 3275 2906 3357 τοὺς

589 3373 923 3465 ῥυθμοὺς,
985 3379 1270 3462 explicat
1314 3398 1393 3445 eo
1409 3428 1426 3462 ,
1483 3384 1554 3443 ut
1605 3398 1748 3444 cum
1791 3379 2243 3447 rationalitatis
2288 3387 2353 3447 et
2395 3382 2907 3450 irrationalitatis

588 3479 1001 3545 harmonicae
1060 3487 1290 3546 natura
1348 3479 1651 3547 conferat.
1753 3479 1824 3546 Si
1883 3481 2077 3562 igitur
2133 3482 2249 3548 illo
2306 3482 2471 3551 duce
2530 3483 2908 3568 harmonica

589 3587 940 3667 praecepta
1007 3601 1150 3648 cum
1206 3582 1591 3666 rhythmicis
1651 3602 2025 3666 comparare
2085 3586 2414 3670 volumuS,
2480 3593 2631 3654 ante
2689 3588 2906 3654 omnia

591 3683 1027 3767 quaerendum
1057 3684 1243 3751 nobis
1275 3691 1390 3767 est,
1429 3705 1746 3768 quaenam
1780 3687 2111 3770 utriusque
2154 3686 2539 3771 disciplinae
2584 3691 2908 3756 elementa

591 3787 868 3855 conferri
909 3787 1177 3870 possint.
1268 3787 1567 3855 Pluribus
1612 3788 1771 3856 locis
1816 3788 1964 3854 aliis
1995 3789 2418 3857 Aristoxenus
2464 3810 2609 3858 cum
2653 3798 2905 3875 tempo·

589 3889 766 3955 ribus
811 3887 1216 3973 rhythmicae
1262 3890 1530 3955 contulit
1572 3889 1919 3956 intervalla
1964 3889 2403 3958 harmonicae:
2436 3894 2516 3958 el.
2547 3891 2644 3958 rh.
2676 3914 2739 3977 p.
2772 3895 2906 3959 264

591 3992 749 4059 Mor.
781 4020 867 4042 =
899 3993 999 4075 32,
1036 3996 1108 4055 11
1145 3991 1243 4057 W.
1284 3992 1529 4059 confert
1569 3993 1915 4059 intervalla
1960 3983 2300 4058 ἀσύνθετα
2330 4001 2396 4061 et
2427 3993 2724 4061 σύνθετα
2752 4016 2906 4064 cum

592 4093 987 4178 temporibus
1032 4093 1472 4178 incompositis
1530 4102 1596 4162 et
1655 4094 2045 4178 compositis.
2133 4094 2385 4162 Ibidem
2427 4119 2491 4182 p.
2524 4100 2626 4180 29,
2663 4100 2744 4162 22
2776 4098 2904 4183 W„
