3177 4960
846 336 928 392 De
963 336 1375 393 irrationalitate
1410 337 1594 393 studia
1627 337 1944 407 rhythmica.
2425 339 2548 398 229

224 511 654 595 sequentibus
678 510 939 594 pluries.
1002 511 1078 576 In
1107 511 1228 594 frg.
1260 510 1437 595 apud
1463 510 1777 595 Porphyr.
1810 532 1874 595 p.
1901 513 2056 576 256:
2095 507 2169 586 ὃς
2203 502 2281 575 ἂν
2314 511 2551 599 ληφθῇ

222 615 359 678 τῶν
409 612 725 699 ῥυθμῶν,
774 613 1138 696 quicunque
1183 614 1516 696 statuitur,
1577 614 1846 679 sumitur
1889 612 2253 698 rhythmus3
2313 612 2551 695 χρόνον

225 713 611 800 σύμμετρον
657 715 757 798 τῷ
802 716 1138 802 ληφθέντι
1183 718 1472 794 (statuto)
1516 712 1787 801 πρώτῳ.
1840 750 1914 760 -
1965 717 2187 782 Altera
2231 719 2406 783 notio
2453 725 2552 784 est

222 819 532 887 technica
576 820 684 897 (=
718 819 897 885 vocis
931 819 1035 885 vel
1068 819 1471 885 instrumenti
1517 825 1708 885 cantu
1741 820 2158 904 exprimere):
2206 815 2550 904 φθόγγους

223 918 341 987 διὰ
381 924 781 1006 συμφωνίας
813 918 1176 1005 λαμβάνειν
1209 922 1315 998 (el.
1340 920 1542 987 harm.
1569 942 1633 1005 p.
1663 925 1765 1004 34,
1796 927 1859 1005 1;
1892 923 1995 1004 80,
2023 924 2122 987 21.
2146 924 2275 1005 29),
2323 920 2549 1006 φθόγ-

221 1046 324 1109 γῳ
371 1024 508 1088 τινὶ
556 1021 782 1105 λαβεῖν
811 1017 887 1086 τὸ
923 1017 1036 1086 διὰ
1080 1019 1426 1105 τεσσάρων
1472 1024 1603 1106 (82,
1639 1026 1695 1106 7,
1741 1023 1951 1106 alias),
1996 1019 2072 1087 τὸ
2110 1021 2373 1087 δίτονον
2406 1015 2545 1088 ἀπὸ

221 1127 348 1191 τοῦ
408 1126 796 1214 ληφθέντος
853 1127 918 1203 (a
948 1131 1186 1194 statuto
1217 1146 1374 1193 sono
1406 1155 1491 1177 =
1523 1123 1848 1202 δοθέντος
1876 1147 1940 1210 p.
1975 1128 2077 1211 80,
2112 1125 2177 1208 8)
2238 1124 2548 1212 φθόγγου

222 1227 625 1316 εἰλημμένον
660 1233 748 1312 (p.
782 1230 888 1311 82,
924 1231 1022 1310 17,
1055 1229 1264 1311 alias),
1314 1227 1542 1311 λαβεῖν
1570 1233 1799 1312 τρίτον
1828 1230 2031 1314 μέρος
2065 1226 2372 1315 φθόγγου
2418 1232 2545 1312 (66,

226 1338 353 1416 14),
403 1332 660 1399 similia.
750 1330 836 1396 At
868 1350 946 1397 ea
975 1351 1104 1398 non
1140 1331 1316 1398 cadit
1359 1332 1426 1397 in
1457 1337 1745 1399 nostrum
1776 1333 2009 1415 locum,
2056 1332 2361 1414 quoniam
2391 1332 2546 1399 duo-

220 1434 484 1502 decima
526 1453 678 1520 pars
722 1453 842 1500 nec
872 1453 1031 1500 voce
1061 1453 1183 1501 nec
1212 1433 1448 1501 fidibus
1492 1435 1755 1501 tibiisve
1802 1435 1945 1502 cani
1980 1440 2208 1518 potest.
2254 1469 2337 1479 -
2382 1435 2547 1501 Nus-

220 1557 422 1621 quam
464 1541 679 1603 autem
726 1532 1199 1618 λαμβάνεσθαι
1243 1537 1559 1621 reperitur
1604 1538 1715 1626 ita,
1761 1543 1831 1602 ut
1871 1538 2418 1621 interpretandum
2465 1540 2549 1605 sit

219 1640 546 1723 „inveniri
570 1667 651 1689 =
676 1636 1163 1723 vorkommen“,
1196 1658 1321 1721 quo
1355 1640 1553 1705 verbo
1583 1638 1910 1705 redditum
1941 1644 2039 1705 est
2067 1660 2108 1704 a
2140 1638 2545 1722 Westphalio

222 1741 398 1820 (Rh.³
425 1762 490 1825 p.
527 1743 692 1819 137).

400 1844 610 1910 Licuit
642 1844 836 1926 igitur
865 1843 1210 1909 intervalla
1239 1842 1643 1909 irrationalia
1664 1842 1750 1908 ad
1775 1861 1997 1908 omnes
2029 1842 2161 1909 toni
2193 1848 2409 1926 partes
2441 1863 2545 1910 oc·

219 1954 378 2013 tava
408 1947 686 2013 minores
717 1945 1033 2028 redigere,
1066 1946 1220 2029 quin
1250 1965 1287 2011 e
1309 1945 1659 2012 maioribus
1691 1945 2096 2029 quibusdam,
2129 1946 2370 2029 quintis
2400 1966 2544 2033 sep·

218 2049 503 2131 timisve,
548 2049 704 2115 item
746 2049 1031 2114 oriuntur
1075 2048 1491 2114 irrationalia.
1567 2047 1656 2113 At
1684 2048 1739 2114 si
1771 2047 2220 2133 praevidisset,
2268 2056 2541 2132 quantos

220 2169 473 2219 errores
505 2171 588 2216 ex
633 2151 745 2216 illo
792 2147 1348 2237 ὅωὸεκατημορίῳ
1393 2151 1679 2234 exempli
1710 2170 1906 2217 causa
1951 2151 2199 2234 prolato
2246 2170 2541 2234 procrea-

221 2260 406 2320 turae
437 2259 652 2319 essent
686 2254 1063 2321 nostratium
1108 2259 1372 2337 mentes,
1419 2254 1637 2321 nescio
1667 2275 1751 2318 an
1782 2253 2190 2320 intervallum
2236 2253 2302 2317 in
2335 2257 2544 2338 paral-

220 2358 374 2439 lage
403 2361 711 2423 statutum
742 2354 1143 2423 indefinitum
1176 2357 1515 2423 relicturus·
1542 2352 1664 2437 (¹lx)
1701 2375 2094 2439 numeroque
2126 2356 2384 2422 omnino
2415 2377 2544 2423 non

221 2479 645 2545 expressurus
690 2458 898 2526 fuerit.

395 2561 556 2629 Cum
603 2563 773 2628 enim
818 2582 859 2627 a
891 2561 1058 2628 diesi
1104 2560 1524 2626 enharmonia
1570 2559 1858 2625 differret
1888 2557 2282 2626 chromatica
2327 2561 2541 2629 mollis

220 2666 389 2731 forte
435 2663 823 2731 duodecima
867 2664 1004 2730 toni
1035 2669 1238 2748 parte,
1286 2662 1453 2728 inter
1493 2681 1604 2728 eas
1635 2661 2034 2729 intercedere
2081 2659 2539 2746 παραλλαγὴν,

219 2767 393 2834 hanc
420 2773 637 2834 autem
668 2765 1107 2832 irrationalem
1135 2784 1277 2832 esse
1309 2766 1607 2849 opinatus
1640 2772 1736 2831 est
1767 2763 2203 2849 Westphalius
2247 2766 2334 2849 (p.
2377 2768 2542 2844 140).

221 2871 308 2936 At
339 2871 650 2954 quoniam
695 2875 1033 2952 utramque
1079 2866 1342 2935 chroam
1374 2867 1729 2951 legitimam
1776 2887 1918 2934 esse
1951 2866 2239 2933 habitam
2284 2870 2368 2933 ab
2399 2869 2541 2934 Ari-

221 2979 497 3041 stoxeno
545 2979 610 3038 et
639 2966 1064 3038 rationalibus
1103 2971 1196 3037 uti
1226 2971 1587 3037 intervallis
1623 2971 1951 3051 evicimus,
1998 2968 2396 3057 παραλλαγή
2429 2993 2541 3039 au·

219 3081 351 3142 tem
394 3095 525 3141 non
567 3075 692 3140 nisi
738 3074 903 3139 inter
938 3073 1296 3156 legitimum
1329 3079 1394 3139 et
1424 3072 1833 3155 illegitimum
1867 3073 1973 3139 vel
2019 3073 2183 3137 inter
2227 3074 2541 3141 rationale

220 3183 284 3245 et
315 3176 688 3243 irrationale
733 3174 1110 3254 intercedat,
1158 3182 1410 3242 corruet
1454 3175 1569 3240 illa
1601 3194 1857 3258 quoque
1902 3174 2233 3240 sententia.
2313 3174 2540 3257 Itaque

219 3280 497 3348 diesium
540 3280 796 3345 illarum
840 3279 1112 3344 alteram
1156 3299 1285 3345 non
1331 3298 1415 3344 ex
1458 3279 1664 3344 altera
1711 3296 1852 3344 esse
1898 3275 2256 3341 derivatam
2313 3272 2539 3343 addito

217 3381 564 3449 intervallo
619 3372 1057 3465 ἆμελῳὸήτῳ,
1119 3382 1312 3447 immo
1370 3386 1708 3462 utramque
1754 3398 1870 3445 suo
1917 3379 2053 3443 iure
2098 3396 2175 3442 ac
2221 3382 2540 3460 potestate

216 3504 333 3568 per
378 3485 515 3550 toni
559 3484 966 3567 partitionem
1015 3482 1337 3566 quandam
1384 3487 1586 3548 ortam
1636 3499 1777 3547 esse
1824 3478 2053 3545 eadem
2097 3479 2345 3546 ratione
2391 3500 2539 3546 con-

217 3585 563 3668 tendimus,
611 3605 736 3668 quo
778 3583 1113 3668 rhythmus
1161 3583 1518 3667 dactylicus
1549 3603 1586 3649 e
1618 3580 1944 3649 trochaico
1988 3581 2365 3666 progenitus
2397 3601 2539 3649 esse

215 3695 510 3773 negatur.
601 3688 739 3753 Iam
769 3687 932 3752 illud
966 3706 1221 3770 quoque
1267 3685 1623 3753 luculenter
1652 3694 1925 3770 apparet
1968 3691 2143 3752 recte
2174 3703 2245 3749 se
2280 3681 2539 3767 habere,

217 3791 392 3874 quod
450 3792 517 3856 in
562 3788 938 3856 definitione
999 3790 1115 3854 illa
1173 3788 1657 3855 intervallorum
1719 3786 2185 3854 irrationalium
2231 3786 2538 3870 scriptum

217 3894 519 3960 videmus
567 3885 778 3975 ἄλογα
824 3890 896 3956 δὲ
928 3888 1493 3974 παραλλάττοντα
1536 3891 1751 3953 ταῦτα
1781 3886 1866 3953 τὰ
1898 3891 2152 3974 μεγέθη
2201 3884 2307 3960 (τὰ
2343 3886 2537 3973 ῥητὰ)

219 3987 495 4081 ἀλόγῳ
539 3995 673 4060 τινὶ
720 3991 1144 4077 διαστήματι.
1235 3994 1401 4060 Nam
1435 3985 1882 4079 ἆμελῴὸητον,
1930 3990 2104 4076 quod
2151 3989 2276 4056 huc
2321 3990 2536 4055 intulit

220 4097 665 4183 Westphalius
710 4100 797 4180 (p.
837 4099 1002 4179 142),
1049 4116 1176 4163 non
1222 4116 1367 4164 cum
1414 4086 1636 4181 ἀλόγῳ
1682 4093 1995 4177 concidit;
2042 4092 2202 4159 illud
2235 4093 2406 4157 enim
2435 4091 2525 4155 in-
