3177 4960
891 366 975 420 De
1007 366 1422 422 irrationalitate
1457 365 1640 421 studia
1671 366 1991 436 rhythmica.
2470 369 2593 426 209

279 544 319 604 5
349 559 514 625 sqq.,
547 548 612 607 et
641 540 761 622 frg.
796 540 876 606 el.
909 540 1006 604 rh.
1038 539 1211 623 apud
1238 540 1553 624 Porphyr.
1583 560 1648 624 p.
1675 542 1800 604 256
1821 568 1906 595 =
1932 544 2034 624 40,
2072 542 2149 604 18
2176 540 2272 605 W.
2293 544 2332 615 1)
2420 540 2590 619 Quo-

276 642 480 709 modo
526 642 914 709 succurritur
942 642 1345 726 perceptioni
1390 642 1457 707 in
1488 641 1804 708 eiusmodi
1849 642 2205 709 intervallis
2233 643 2591 727 percipien-

277 746 406 830 dis,
454 746 521 810 in
568 746 661 811 eis
704 764 860 811 vero
906 763 1074 828 quae
1119 763 1203 810 ex
1233 744 1368 809 toni
1412 745 1703 826 partibus
1748 745 1987 827 quintis
2018 745 2393 830 septimisve
2424 764 2594 812 com-

277 852 638 931 ponuntur,
701 851 848 912 sunt
890 845 1266 912 adiumenta
1306 847 1524 930 nulla3
1582 865 1662 912 ea
1706 852 1955 928 autem,
2009 865 2175 930 quae
2223 865 2324 912 ex.
2371 868 2463 929 gr.
2512 866 2596 912 ex

281 951 569 1034 quinque
614 956 946 1032 septemve
991 948 1279 1032 partibus
1326 950 1574 1015 octavis
1620 956 1942 1031 constant,
2002 968 2212 1032 neque
2257 948 2343 1014 ad
2387 947 2600 1015 diesin

279 1058 581 1136 spectare
612 1056 899 1135 possunt,
944 1070 1086 1116 cum
1130 1050 1379 1116 maiora
1423 1050 1549 1116 sint
1594 1048 1969 1133 hemitonio,
2014 1069 2223 1133 neque
2267 1049 2354 1116 ad
2383 1070 2600 1134 pycna

277 1153 658 1228 rationalia,
721 1152 1025 1235 quoniam
1086 1152 1152 1217 in
1198 1171 1442 1234 aequas
1499 1157 1717 1234 partes
1763 1152 1971 1218 dividi
2018 1158 2360 1236 nequeunt.
2450 1151 2595 1230 Quo

278 1255 376 1332 fit,
419 1260 491 1321 ut
534 1274 617 1321 ex
660 1255 861 1321 variis
919 1255 1052 1320 toni
1097 1255 1375 1339 partium
1432 1255 2010 1338 compositionibus
2054 1272 2302 1339 paucae
2348 1255 2599 1339 percipi

282 1366 351 1424 et
394 1359 462 1423 in
505 1356 773 1423 definita
816 1355 1369 1423 tetrachordorum
1425 1356 1865 1424 modulatione
1911 1359 2066 1442 poni
2111 1358 2359 1442 possint
2401 1364 2596 1442 atque

278 1468 357 1527 ut
386 1479 467 1526 ea
494 1465 739 1526 tantum
784 1479 999 1543 pycna
1041 1460 1170 1525 sint
1199 1460 1559 1541 rationalia,
1607 1479 1774 1543 quae
1806 1480 1950 1526 cum
1986 1467 2139 1527 tono
2170 1460 2597 1545 proportioni-

278 1564 406 1629 bus
453 1563 855 1629 continentur
899 1560 1165 1644 eisdem,
1214 1581 1382 1645 quae
1412 1562 1823 1628 inveniuntur
1866 1563 1934 1627 in
1965 1562 2241 1647 pedibus
2271 1564 2598 1629 rationali-

279 1666 426 1748 bus,
472 1664 772 1749 diplasia,
820 1661 1143 1746 hemiolia,
1191 1665 1532 1748 epitritica,
1578 1664 1859 1747 aequali,
1904 1665 2071 1729 inter
2099 1685 2354 1749 apycna
2382 1671 2599 1730 autem

280 1767 628 1833 rationalia
671 1773 736 1833 et
764 1771 984 1832 tonum
1029 1764 1431 1832 intercedant
1476 1762 1665 1848 λόγοι
1704 1761 2052 1849 ἔπιμόριοι
2097 1767 2223 1849 (514,
2275 1766 2396 1847 3l2).

459 1868 680 1947 Quid?
723 1869 780 1935 si
812 1869 972 1934 haec
1002 1869 1111 1934 vel
1141 1868 1257 1933 illa
1286 1888 1369 1933 ex
1401 1888 1518 1934 sex
1561 1869 1694 1934 illis
1738 1867 2130 1935 tetrachordi
2171 1868 2599 1936 divisionibus

280 1977 571 2037 uteretur
600 1971 957 2036 intervallis
989 1971 1486 2054 irrationalibus,
1517 1991 1601 2036 an
1625 1971 1880 2037 silentio
1912 1971 1979 2036 id
2009 1971 2425 2056 praeteritum
2457 1991 2600 2039 esse

279 2081 586 2159 putamus
616 2074 756 2139 sive
786 2074 870 2138 ab
904 2073 1292 2139 Aristoxeno
1323 2073 1467 2157 ipso
1499 2074 1639 2139 sive
1669 2074 1752 2139 ab
1785 2092 2005 2140 eorum
2035 2075 2444 2158 musicorum,
2490 2076 2601 2158 qui

282 2177 383 2242 illi
413 2196 532 2243 sua
560 2174 819 2257 debent,
850 2175 1072 2258 aliquo
1105 2175 1392 2251 (Aristid.
1416 2196 1480 2258 p.
1504 2179 1580 2239 19
1596 2195 1738 2259 sqq.
1762 2176 1925 2260 Mb.;
1956 2175 2341 2242 Ps.-Euclid.
2366 2177 2597 2244 introd.

279 2300 350 2363 p.
379 2282 479 2356 10,
516 2279 595 2342 18
620 2297 792 2361 sqq.;
824 2278 1142 2361 Anonym.
1170 2276 1252 2343 de
1277 2297 1434 2344 mus.
1462 2298 1515 2344 c.
1543 2281 1819 2350 52-55)
1851 2279 1992 2344 sive
2020 2299 2063 2343 a
2085 2278 2357 2344 Claudio
2390 2279 2599 2346 Ptole-

281 2400 496 2464 maeo,
526 2381 637 2463 qui
668 2381 1237 2446 Aristoxenearum
1265 2381 1333 2445 in
1357 2371 1768 2446 tetrachordo
1799 2380 2080 2446 secando
2112 2381 2428 2447 rationum
2456 2401 2597 2448 cen—

284 2504 502 2551 suram
527 2483 706 2566 egit?
759 2480 882 2560 Qui
907 2483 1170 2566 quidem
1201 2484 1462 2567 „culpat
1483 2484 1961 2565 Aristoxenum,
1995 2482 2296 2565 quoniam
2326 2485 2393 2549 in
2417 2484 2599 2550 chro-

282 2592 459 2653 mate
512 2586 695 2652 molli
740 2592 805 2651 et
848 2586 913 2650 in
960 2585 1287 2652 chromate
1334 2586 1637 2652 hemiolio
1682 2585 1847 2651 tales
1889 2586 2176 2670 posuerit
2217 2586 2458 2669 primas
2502 2606 2600 2652 se-

283 2687 661 2772 cundasque
718 2708 760 2753 a
802 2690 988 2771 gravi
1032 2708 1231 2754 nervo
1277 2688 1726 2773 proportiones
1774 2688 1868 2770 (l),
1928 2706 2095 2770 quae
2139 2708 2182 2752 a
2225 2707 2293 2755 se
2337 2689 2599 2756 minimo

285 2797 357 2857 et
385 2797 690 2874 quantum
737 2810 963 2857 sensus
1008 2810 1135 2856 non
1177 2791 1385 2874 possit
1413 2791 1867 2874 internoscere,
1913 2786 2269 2856 distarent“
2305 2790 2484 2857 Boot.
2517 2791 2602 2858 de

283 2913 451 2960 mus.
496 2913 558 2977 p.
594 2896 739 2974 370,
792 2895 868 2957 19
894 2892 1068 2958 Frdl.
1125 2896 1231 2966 (==·=
1280 2889 1839 2974 εἰκοστοτετάρτῳ
1883 2893 2073 2975 μέρει
2117 2889 2313 2956 τόνου
2360 2891 2601 2979 διαφε-

284 2996 569 3079 ρουσῶν,
597 2988 689 3069 ὥς
710 2992 1042 3080 μηδεμίαν
1067 2986 1415 3078 ἀξιόλογον
1438 3006 1588 3069 ταῖς
1613 2991 1982 3081 αἰσθήσεσι
2005 2990 2313 3076 ἐμποιεῖν
2337 2996 2601 3081 παραλ-

287 3093 496 3185 λαγὴν
527 3097 691 3163 Ptol.
723 3118 778 3164 c.
808 3101 887 3160 14
918 3119 980 3181 p.
1009 3099 1089 3162 33
1113 3096 1351 3172 Wall.).
1411 3097 1595 3163 Idem
1627 3117 1775 3163 eum
1806 3098 2148 3180 vituperat,
2179 3097 2353 3180 quod
2382 3099 2600 3181 plures

284 3202 355 3266 in
403 3199 796 3266 chromatico
842 3218 1111 3282 genere,
1171 3200 1238 3263 in
1285 3198 1546 3265 diatono
1592 3201 1932 3284 pauciores
1978 3198 2207 3265 chroas
2252 3200 2599 3265 rationales

285 3303 615 3387 statuerit,
676 3322 870 3385 quam
915 3307 1137 3368 extare
1189 3302 1331 3384 ipse
1375 3309 1550 3367 ratus
1595 3307 1694 3368 est
1753 3296 2217 3382 (ὑπερβάλλειν
2261 3296 2435 3363 ἔοικε
2477 3299 2598 3381 μὲν

287 3402 410 3469 ἐπὶ
439 3405 559 3469 τοῦ
582 3405 1026 3487 χρωματικοῦ,
1076 3453 1092 3467 .
1125 3453 1140 3466 .
1177 3452 1191 3467 .
1228 3450 1241 3464 .
1276 3400 1484 3469 ἐνδεῖν
1516 3402 1588 3467 δὲ
1622 3400 1738 3468 ἐπὶ
1767 3404 1886 3467 τοῦ
1916 3400 2312 3480 ὁιατονικοῦ,
2359 3403 2601 3468 πλειό-

287 3530 424 3572 νων
490 3509 913 3592 φαινομένων
975 3507 1213 3592 σαφῶς
1277 3507 1410 3570 τῶν
1465 3502 2037 3590 μελῳὸουμένων).
2146 3504 2393 3583 Quodsi
2459 3507 2601 3591 ipse

287 3610 715 3676 Aristoxenus
760 3628 830 3675 se
859 3610 1007 3676 illas
1051 3615 1349 3676 accurate
1393 3607 1619 3674 auditu
1652 3608 2029 3692 dignoscere
2060 3627 2251 3694 posse
2281 3614 2601 3693 negasset,

469 3798 516 3859 1)
551 3792 806 3860 Sequitur
840 3791 908 3845 de
941 3792 1225 3847 intervallo
1259 3790 1433 3859 primo
1471 3790 1762 3860 quidquam
1795 3789 2143 3845 efficiendum
2178 3804 2299 3846 esse
2320 3806 2390 3844 ne
2413 3806 2481 3845 ex
2505 3808 2602 3845 no-

286 3879 436 3932 mine
471 3877 765 3932 chromatis
799 3876 1037 3932 hemiolii
1072 3877 1289 3946 quidem
1323 3882 1397 3945 (p.
1427 3881 1508 3942 74,
1534 3880 1591 3930 2:
1630 3870 1852 3932 πυκνὸν
1871 3871 2145 3949 4ἡμιόλιον
2167 3874 2288 3932 ἐστι
2313 3879 2419 3933 τοῦ
2438 3873 2602 3950 ἐναρ-

286 3964 502 4032 μονίου
534 3966 634 4019 καὶ
667 3965 787 4018 τῶν
820 3961 1053 4020 διέσεων
1094 3958 1376 4033 (ἑκατέρα
1412 3955 1685 4032 ἡμιολία)
1728 3959 2005 4034 ἑκατέρας
2051 3965 2169 4018 τῶν
2201 3958 2601 4030 ἐναρμονίων).

288 4048 409 4103 Fac
444 4063 512 4102 ne
546 4047 791 4113 omittas,
838 4048 983 4116 quod
1018 4048 1108 4102 hic
1145 4062 1358 4116 quoque
1398 4061 1638 4117 pyenum
1683 4049 1997 4117 anteposuit
2029 4046 2191 4112 diesi,
2235 4061 2426 4116 nempe
2459 4046 2601 4103 hanc

288 4151 359 4190 ex
394 4133 489 4190 illo
524 4133 828 4198 derivabat,
864 4148 973 4188 non
1009 4135 1217 4188 contra.
