3177 4960
653 335 777 394 320
1610 330 1766 399 Hugo
1801 329 1992 385 Jusatz

1534 555 1823 625 CAPUT
1866 555 2079 622 XXII.

655 676 773 786 Dp
826 673 1215 778 prioribus
1280 677 1599 752 trimetri
1659 673 1958 751 iambici
2009 674 2328 774 syzyqiis·
2381 696 2470 748 ac
2525 671 2620 750 dc
2675 676 2946 774 prioris

1146 797 1555 871 tetrametri
1602 792 1967 872 trochaici
1998 794 2250 894 partis
2292 793 2462 889 fine.

824 930 957 998 Sed
1002 932 1130 997 iam
1175 937 1577 998 revertamur
1623 931 1707 998 ad
1754 932 2108 997 trimetrum
2154 929 2521 996 iambicum.

823 1033 1089 1101 Constat
1140 1034 1433 1100 ultimam
1492 1035 1631 1101 eius
1691 1034 2023 1118 syzygiam
2083 1031 2325 1099 habere
2389 1030 2665 1098 eandem
2709 1049 2944 1115 semper

650 1139 922 1204 formam
968 1137 1445 1220 irrationalem,
1492 1137 1557 1202 in
1605 1156 1734 1220 qua
1776 1137 1940 1202 arsis
1984 1135 2218 1219 prioris
2274 1134 2613 1217 productio
2661 1153 2943 1218 compen-

649 1245 827 1306 satur
871 1237 1072 1304 thesis
1118 1240 1443 1320 sequentis
1487 1238 1912 1321 correptione,
1957 1238 2087 1304 ictu
2132 1242 2350 1302 autem
2376 1236 2680 1319 graviore
2710 1237 2942 1319 percuti

649 1338 1164 1407 thesin-finalem
1209 1341 1642 1423 probavimus.
1732 1342 1804 1405 In
1851 1339 2068 1406 media
2132 1357 2287 1406 vero
2347 1339 2618 1422 syzygia
2673 1357 2778 1404 res
2822 1357 2943 1404 non

650 1441 880 1508 eadem
928 1448 1027 1508 est
1070 1442 1485 1526 simplicitate
1531 1463 1611 1510 ac
1654 1443 1966 1509 claritate.
2041 1441 2308 1509 Constat
2351 1446 2584 1524 autem,
2631 1441 2690 1507 si
2736 1460 2943 1508 versus

649 1545 845 1611 utitur
902 1563 1170 1611 caesura
1227 1545 1706 1628 semiquinaria,
1751 1544 2234 1611 usitatissimam
2279 1549 2475 1627 atque
2519 1544 2781 1610 omnino
2826 1563 2941 1609 om-

646 1648 822 1713 nium
851 1645 1241 1714 solutionum
1272 1646 1855 1730 frequentissimam
1886 1665 2030 1713 esse
2060 1644 2262 1712 thesis
2294 1646 2520 1712 tertiae
2558 1646 2940 1713 solutionem.

547 1802 552 1807 .
647 1751 763 1816 Sin
808 1769 963 1817 vero
1008 1750 1194 1816 abest
1224 1768 1491 1821 caesura
1520 1749 1999 1832 semiquinaria,
2046 1746 2440 1832 Aeschylum
2472 1755 2538 1815 et
2566 1747 2942 1831 Sophoclem

648 1851 816 1919 adeo
860 1852 1245 1918 solutionem
1291 1850 1493 1918 thesis
1527 1851 1816 1918 eiusdem
1853 1849 2324 1934 reformidasse,
2370 1858 2441 1917 ut
2484 1870 2630 1918 eam
2673 1871 2804 1918 non
2847 1849 2941 1917 ad-

649 1954 939 2020 miserint
970 1954 1095 2020 nisi
1124 1954 1545 2020 antecedente
1574 1954 1760 2020 brevi
1792 1954 1996 2031 (Eum.
2030 1955 2173 2018 485.
2201 1952 2376 2037 Sept.
2412 1958 2492 2018 55
2525 1957 2584 2029 (e
2605 1954 2945 2023 Wellaueri

650 2073 1060 2149 coniectura).
1093 2072 1319 2156 Suppl.
1347 2073 1471 2136 875
1506 2039 1938 2155 (nizfflov
1969 2074 2132 2138 coni.
2156 2073 2604 2153 Hermannus).
2638 2076 2738 2140 El.
2777 2077 2944 2142 1361.

650 2174 723 2241 Ο.
759 2175 834 2240 R.
869 2178 1012 2239 301.
1046 2172 1121 2240 Ο.
1155 2173 1225 2241 C.
1264 2177 1460 2258 13163
1519 2175 1600 2240 cf.
1650 2174 1719 2240 C.
1766 2175 1871 2240 Fr.
1903 2175 2175 2241 Mueller
2203 2196 2313 2260 pp.
2348 2179 2428 2240 22
2462 2197 2555 2260 sq.
2592 2181 2721 2261 35),
2770 2179 2944 2261 longa

647 2282 861 2343 autem
906 2275 1328 2343 antecedente
1371 2275 1730 2360 Sophocles
1787 2277 1887 2344 bis
1933 2284 2174 2344 tantum
2233 2278 2602 2346 adhibuerit
2647 2282 2713 2346 in
2760 2281 2942 2347 nomi-

647 2379 834 2446 nibus
863 2379 1142 2463 propriis
1174 2378 1300 2456 (Ai.
1334 2382 1478 2445 340.
1511 2378 1679 2445 Phil.
1709 2382 1866 2463 2413
1904 2381 1984 2447 ef.
2016 2381 2285 2448 Mueller
2316 2403 2377 2466 p.
2412 2383 2535 2460 87).
2597 2381 2785 2461 Quae
2816 2403 2940 2451 cum

645 2483 739 2548 ita
767 2483 913 2566 sint,
961 2480 1063 2549 his
1090 2483 1315 2566 paucis
1362 2483 1658 2550 versibus
1695 2483 1781 2549 ad
1827 2490 2031 2550 metra
2075 2475 2595 2570 ἆπεμφαίνοντα
2641 2486 2941 2570 delegatis

647 2585 981 2669 syzygiam
1028 2583 1327 2668 mediam,
1375 2586 1627 2668 quoties
1672 2604 1896 2652 versus
1941 2606 2209 2654 caesura
2255 2589 2716 2672 semiquinaria
2761 2596 2942 2671 caret,

648 2686 876 2753 eadem
920 2688 1128 2753 forma
1180 2687 1535 2753 irrationali
1581 2688 1675 2781 uti
1719 2694 2012 2771 apertum
2056 2695 2155 2756 est
2199 2710 2327 2773 qua
2371 2691 2644 2757 tertiam.

694 2864 697 2866 v
820 2788 908 2854 At
950 2788 1126 2872 apud
1170 2785 1546 2873 Euripidem
1594 2796 1816 2856 extant
1861 2791 2180 2873 trimetra,
2227 2793 2294 2857 in
2339 2792 2570 2876 quibus
2615 2793 2940 2862 deficiente

652 2890 1111 2973 semiquinaria
1157 2891 1430 2957 solvitur
1473 2891 1677 2959 thesis
1722 2893 1914 2959 tertia
1954 2900 2106 2977 post
2147 2896 2322 2961 arsin
2367 2896 2627 2979 longam
2664 2897 2942 2974 (Mueller

650 3011 712 3075 p.
754 2994 869 3055 101
906 2994 1045 3075 sq.).
1118 2991 1206 3059 At
1238 3013 1274 3060 e
1304 2995 1629 3077 prioribus
1660 2996 1799 3062 eius
1829 2995 2066 3063 fabulis
2098 3003 2340 3064 certum
2372 2998 2513 3066 eius
2542 3019 2694 3067 usus
2743 3019 2939 3068 exem·

652 3095 829 3179 plum
873 3094 1109 3162 afferas
1153 3097 1419 3162 nullum.
1495 3097 1664 3163 Nam
1695 3099 1830 3164 Ion.
1865 3101 1976 3165 60:
2025 3098 2090 3164 οἱ
2134 3102 2253 3185 γῆν
2298 3094 2512 3182 ἕχουσ’
2553 3092 2847 3185 Εὖβοΐὸα
2887 3107 2941 3168 et

652 3197 795 3264 Hel.
825 3199 946 3262 767
973 3197 1262 3265 tollenda
1285 3218 1426 3266 esse
1456 3199 1737 3282 synizesi
1766 3201 2004 3268 veteris
2035 3204 2390 3287 scripturae
2421 3205 2704 3288 vestigia
2726 3203 2940 3270 docent

650 3296 753 3371 (ef.
784 3296 905 3381 frg.
954 3300 1137 3383 659),
1198 3298 1490 3383 syllabae
1548 3305 1764 3366 autem
1822 3303 2125 3386 ancipitis
2183 3305 2588 3388 correptione
2653 3306 2940 3372 tolluntur

648 3398 794 3465 Hel.
830 3401 985 3466 753:
1030 3403 1101 3465 τί
1145 3398 1311 3486 δῆτα
1352 3398 1831 3484 μαντευόμεθα
1877 3411 1942 3471 et
1988 3407 2184 3470 1016.
2233 3396 2602 3491 ἀθάνατον,
2651 3406 2748 3485 εἷς
2777 3407 2938 3474 5302-

649 3523 849 3563 νατον
910 3491 1139 3584 αἰθέρ’
1203 3497 1517 3583 ἐμπεσών
1588 3508 1838 3580 (Versus
1897 3509 2231 3572 1013—16
2291 3509 2483 3576 eiecit
2536 3509 2938 3596 Dindorfius),

650 3603 716 3667 in
761 3601 1017 3669 nomine
1061 3606 1322 3688 proprio
1368 3626 1640 3674 excuses
1687 3607 1914 3675 eodem
1961 3609 2174 3693 mod0,
2235 3630 2361 3693 quo
2407 3611 2748 3697 Sophoclis
2791 3615 2941 3682 duos

649 3703 797 3769 illos
849 3724 1071 3770 versus
1087 3751 1103 3785 ,
1162 3705 1304 3789 Iph.
1362 3708 1509 3774 Aul.
1562 3713 1755 3776 1563:
1815 3707 1976 3786 στὰς
2036 3702 2101 3774 δ’
2168 3708 2236 3775 ἐν
2292 3714 2477 3796 μέσῳ
2545 3713 2938 3799 Ταλθύβιος.

651 3805 945 3890 Denique
1002 3807 1193 3874 nimis
1253 3810 1497 3877 incerta
1540 3820 1718 3897 sunt,
1784 3833 1949 3896 quae
1995 3815 2059 3880 in
2105 3813 2347 3883 Thesei
2370 3819 2412 3892 ¹)
2438 3816 2557 3898 frg.
2594 3820 2734 3894 388,
2768 3822 2808 3883 2
2851 3841 2939 3887 re-

827 3941 873 4003 1)
909 3937 1155 3994 Theseus
1193 3939 1378 3997 fabula
1415 3949 1544 3998 ante
1570 3945 1653 4001 Ol.
1683 3950 1768 4011 89,
1795 3949 1825 3999 2
1851 3971 1916 3989 =
1944 3947 2098 4016 423l2
2134 3962 2329 4003 scenae
2365 3949 2651 4005 commissa
2687 3956 2784 4017 est,
2822 3968 2940 4008 nam

651 4021 900 4078 alludunt
932 4024 991 4077 in
1026 4039 1146 4079 eam
1181 4025 1335 4095 (frgg.
1362 4031 1462 4082 389
1488 4032 1590 4097 sq.)
1625 4044 1812 4085 versus
1836 4029 2140 4101 Vesparum
2179 4036 2278 4088 312
2304 4049 2450 4104 sqq.;
2487 4040 2572 4090 est
2604 4035 2768 4104 igitur
2800 4038 2937 4107 prio-

646 4121 772 4163 rum
806 4108 1133 4180 fabularum,
1170 4124 1204 4165 a
1229 4113 1424 4182 quibus
1461 4112 1754 4170 illiusmodi
1779 4115 2075 4173 solutiones
2112 4118 2331 4174 absunt.
