3177 4960
503 357 629 415 274
1470 343 1628 412 Hugo
1663 341 1854 397 Jusatz

504 533 591 597 At
620 548 746 595 non
776 530 968 593 recte.
1041 522 1209 588 Nam
1241 536 1466 585 versus
1495 515 1653 582 facit
1682 533 1810 580 non
1839 511 2058 584 modo,
2080 515 2301 577 contra
2342 509 2579 592 legem,
2626 527 2824 591 quam

506 634 588 700 ab
633 627 945 713 Euripide
990 643 1243 708 semper
1287 625 1611 687 servatam
1658 635 1801 685 esse
1846 614 2300 698 cognovimus,
2353 629 2579 678 verum
2625 612 2820 677 etiam

505 739 728 801 contra
771 733 983 813 legem
1031 727 1214 793 illam
1256 745 1299 791 a
1328 723 1615 790 Porsono
1662 719 2054 802 indagatam.
2131 715 2347 782 Vetita
2391 714 2562 780 enim
2612 717 2711 779 est
2753 718 2824 779 ut

508 838 573 902 in
604 833 888 919 lecythio
922 850 1190 899 caesura
1218 832 1367 912 post
1395 826 1568 893 arsin
1599 821 2062 908 paenultimam
2093 820 2370 902 longam,
2404 816 2535 883 ita
2516 836 2584 881 ln
2608 816 2824 899 priore

509 937 858 1004 tetrametri
900 938 1085 1019 parte
1143 949 1409 998 caesura
1465 933 1616 1012 post
1668 926 1948 1009 primum
2009 922 2351 1041 epitritum.
2441 919 2516 984 In
2564 918 2822 1002 quibus·

510 1057 760 1122 cunque
805 1038 976 1103 enim
1018 1032 1404 1101 tetrametris
1449 1030 1717 1097 verbum
1762 1026 2000 1094 desinit
2043 1026 2109 1091 in
2154 1021 2327 1091 arsin
2370 1023 2642 1090 alteram
2686 1022 2821 1088 lon-

510 1158 689 1224 gam,
747 1141 815 1205 in
860 1139 954 1205 eis
998 1142 1110 1204 aut
1154 1134 1423 1202 verbum
1478 1134 1858 1214 insequens,
1918 1126 2093 1212 quod
2139 1132 2234 1194 est
2277 1127 2342 1191 in
2387 1124 2557 1192 thesi
2614 1125 2820 1207 tertia,

512 1248 609 1310 est
666 1240 1179 1324 monosyllabum
1238 1256 1382 1302 cum
1437 1230 1860 1301 antecedente
1916 1236 2054 1297 arte
2113 1228 2498 1311 cohaerens,
2567 1247 2671 1294 ex.
2731 1248 2820 1310 gr.

512 1342 651 1428 Iph.
695 1342 842 1408 Aul.
904 1343 1058 1408 9083
1118 1330 1233 1403 οὒκ
1291 1333 1579 1421 εκλήθης
1635 1334 1791 1417 γοῦν
1848 1332 2169 1418 ταλαίνης
2227 1331 2329 1410 (cf.
2376 1328 2611 1397 Trach.
2675 1333 2822 1395 7183

513 1443 672 1530 δόξῃ
716 1444 873 1528 γοῦν
932 1440 1078 1526 ἐμῇ)
1137 1438 1336 1522 Soph.
1383 1439 1501 1522 frg.
1552 1441 1654 1521 33,
1687 1441 1756 1500 5:
1813 1427 2065 1519 ἤθελον
2121 1431 2247 1518 γάρ
2303 1456 2413 1498 κεν
2468 1430 2816 1517 κρατήσας,

513 1554 626 1616 aut
667 1545 1206 1630 monosyllabum,
1254 1540 1426 1626 quod
1474 1546 1571 1607 est
1613 1540 1680 1605 in
1723 1540 1854 1605 arsi
1899 1539 2123 1614 altera,
2175 1538 2375 1604 artius
2420 1537 2823 1602 coniunctum

518 1657 616 1719 est
646 1670 789 1718 cum
826 1654 1134 1732 sequente
1180 1664 1373 1729 quam
1405 1663 1551 1711 cum
1580 1640 2007 1709 antecedente
2038 1640 2271 1722 verb03
2317 1640 2410 1704 ita
2437 1637 2528 1722 fit,
2577 1640 2824 1722 quoties

522 1751 847 1820 antecedit
890 1748 1353 1834 interpunctio:
1401 1747 1577 1813 Pers.
1610 1746 1766 1810 231:
1814 1727 1866 1805 ὦ
1917 1742 2111 1829 φίλοι
2139 1744 2199 1822 ι),
2240 1739 2250 1823 Ι
2288 1741 2427 1805 ποῦ
2469 1737 2594 1816 τὰς
2628 1731 2826 1827 Ἀθή-

519 1877 654 1934 νας,
688 1855 863 1920 Pers.
899 1855 1053 1918 7163
1102 1842 1441 1931 ουὸαμῶς·
1482 1837 1685 1929 Ιᾶλλ’
1726 1837 1902 1932 αμφ’
1947 1837 2246 1931 Ἀθήνας,
2280 1851 2392 1910 aut
2420 1843 2569 1910 aliis
2599 1842 2828 1925 modiS,

518 1959 698 2024 velut
727 1954 968 2021 Phoen.
1004 1956 1157 2018 606:
1204 1951 1313 2015 καὶ
1346 1951 1530 2014 θεῶν
1569 1948 1580 2029 Ι
1617 1950 1751 2013 τῶν
1798 1945 2253 2028 λευκοπώλων,
2298 1947 2487 2014 Here.
2518 1947 2638 2013 fur.
2673 1949 2831 2012 869:

522 2050 834 2140 ἀμπνοὰς
869 2052 883 2138 Ι
923 2045 986 2119 δ’
1040 2045 1115 2119 οὗ
1164 2048 1585 2137 σωφρονίζει.
1675 2050 1904 2135 Neque
1949 2070 2104 2117 vero
2163 2050 2473 2132 refragari
2531 2047 2693 2114 mihi
2737 2050 2832 2115 vi-

521 2161 749 2227 dentur
795 2177 1017 2224 versus
1063 2155 1160 2221 hi:
1206 2156 1341 2221 Ion.
1375 2158 1529 2218 557:
1575 2153 1673 2237 τῷ
1702 2153 1851 2236 θεῷ
1891 2150 1901 2236 Ι
1939 2154 2094 2236 γοῦν
2140 2143 2254 2216 οὐκ
2292 2142 2626 2231 ἀπιστεῖν,
2675 2151 2832 2218 ibid.

525 2265 678 2326 560:
724 2247 768 2345 ἢ
800 2260 978 2343 θιγῶ
1016 2257 1026 2338 Ι
1067 2247 1253 2344 δῆθ’,
1304 2257 1370 2320 οἳ
1398 2246 1473 2338 μ’
1513 2252 1771 2341 ἔφυσαν
1801 2261 1957 2322 etv.
1995 2258 2192 2320 1253:
2238 2265 2365 2319 ποῖ
2394 2255 2582 2339 φυγῶ
2620 2255 2630 2336 Ι
2674 2244 2837 2339 651²,-

525 2360 594 2428 ἐκ
636 2359 762 2447 γὰρ
823 2359 1043 2427 οἴκων.
1130 2361 1300 2426 Nam
1345 2359 1412 2424 in
1456 2359 1727 2425 trimetri
1783 2377 1861 2425 ac
1905 2358 2253 2424 tetrametri
2307 2357 2533 2423 ultima
2580 2377 2838 2442 quoque

523 2467 825 2552 syzygia,
871 2485 955 2533 ex
1000 2485 1128 2549 qua
1172 2463 1495 2530 Porsonus
1538 2480 1673 2528 rem
1728 2459 2061 2545 perspexit
2103 2462 2443 2545 legemque
2489 2460 2836 2545 constituit,

524 2569 780 2652 accidit,
830 2576 897 2634 ut
939 2567 1294 2653 particulae
1341 2564 1829 2648 monosyllabae
1875 2562 2069 2630 modo
2100 2562 2185 2629 ad
2214 2563 2603 2631 antecedens
2642 2564 2837 2631 modo

524 2672 610 2739 ad
668 2691 944 2755 sequens
1002 2671 1271 2737 verbum
1331 2669 1537 2751 magis
1597 2668 1937 2750 inclinent,
1996 2668 2175 2733 velut
2216 2663 2374 2750 γὰρ3
2431 2666 2644 2733 Prom.
2683 2672 2838 2733 1073

526 2778 807 2859 θνητοῖς
864 2768 988 2856 γὰρ
1028 2771 1038 2852 Ι
1076 2774 1237 2854 γέρα
1294 2775 1359 2835 et
1415 2767 1647 2836 Trach.
1695 2771 1839 2835 932.
1899 2768 2201 2836 Heracld.
2251 2772 2393 2834 303.
2452 2768 2598 2835 Hel.
2650 2772 2838 2836 1552.

525 2878 574 2942 Ι.
602 2876 677 2941 Τ.
713 2875 855 2938 678.
887 2874 936 2938 Ι.
961 2872 1109 2938 Aul.
1138 2874 1323 2954 1611,
1355 2869 1473 2937 sed
1502 2871 1701 2937 Andr.
1736 2874 1891 2936 230:
1922 2872 2052 2934 τῶν
2080 2870 2296 2935 κακῶν
2333 2870 2344 2951 Ι
2380 2866 2505 2955 γὰρ
2536 2874 2843 2957 μητέρων

530 2983 595 3043 et
637 2977 773 3042 Ion.
822 2978 980 3040 954:
1028 2965 1103 3038 οὗ
1144 2970 1155 3054 Ι
1190 2969 1317 3057 γὰρ
1364 2969 1441 3056 δὴ
1492 2970 1678 3055 σύγε,
1727 2971 1926 3057 Soph.
1973 2974 2070 3038 El.
2109 2975 2262 3038 376:
2311 2969 2371 3036 εἰ
2407 2971 2419 3056 Ι
2455 2969 2581 3058 γὰρ
2626 2973 2843 3040 τῶνδέ

525 3102 646 3162 μοι
704 3073 788 3155 (εἰ
846 3074 918 3140 δὲ
975 3075 1344 3152 Elmsleius)
1363 3076 1444 3152 2),
1513 3074 1668 3158 quin
1720 3075 2101 3158 pronomina
2157 3075 2454 3143 enclitica
2517 3075 2846 3143 interdum

526 3185 833 3265 sequente
877 3179 1077 3246 verbo
1121 3177 1328 3261 magis
1380 3176 1783 3243 attrahuntur
1839 3197 2029 3261 quam
2087 3176 2540 3245 antecedente:
2602 3178 2841 3246 Aesch.

528 3283 753 3368 Suppl.
791 3283 942 3346 785:
988 3277 1326 3344 πάλλεταί
1363 3279 1374 3363 Ι
1411 3301 1539 3361 μου
1583 3276 1828 3363 καρδία
1871 3278 2162 3357 (trimetr.
2210 3280 2553 3363 melicum),
2599 3280 2844 3348 Tr0ad.

534 3388 721 3449 1182:
767 3371 808 3468 ἢ
854 3380 1066 3447 πολύν
1107 3382 1116 3464 Ι
1157 3403 1267 3447 σοι
1308 3378 1710 3466 βοστρύχων,
1757 3381 1895 3448 Alc.
1951 3385 2142 3448 10803
2189 3373 2342 3447 ἀλλ’
2395 3379 2561 3465 ἔρως
2595 3379 2605 3467 Ι
2636 3405 2739 3459 τις
2768 3375 2839 3466 μ’

703 3520 752 3582 1)
790 3515 1081 3571 caesuram
1117 3529 1252 3582 eam,
1291 3530 1430 3584 quae
1465 3530 1574 3570 non
1599 3514 1833 3584 seiungit
1867 3520 2112 3586 tempora
2147 3515 2253 3572 duo
2288 3516 2643 3582 irrationalia,
2679 3516 2849 3571 hasta

531 3599 763 3670 simplici
797 3603 816 3665 (
846 3601 855 3668 Ι
884 3599 1124 3666 >indico,
1159 3599 1363 3669 duplici
1387 3603 1404 3665 (
1428 3600 1448 3668 ΙΙ
1475 3603 1494 3666 )
1518 3604 1716 3670 autem,
1753 3615 1892 3670 quae
1926 3601 2211 3658 intercedit
2243 3602 2386 3658 inter
2417 3606 2664 3672 tempora
2698 3602 2849 3657 irra-

528 3683 754 3741 tionalia
788 3683 873 3738 vel
908 3683 980 3738 ad
1012 3684 1480 3740 irrationalitatem
1511 3684 1726 3741 idonea.

706 3773 755 3836 2)
791 3769 1132 3825 Wecklinius
1157 3769 1332 3836 (Stud.
1357 3787 1428 3826 zu
1451 3771 1649 3827 Aesch.
1677 3787 1731 3841 p.
1762 3775 1879 3838 130)
1906 3772 2350 3842 semiseptenaria
2371 3772 2503 3827 talia
2527 3773 2855 3843 excusavit3

531 3863 590 3911 at
626 3870 744 3911 eam
778 3854 911 3910 nihil
945 3854 1123 3910 valere
1158 3854 1357 3911 docent
1400 3858 1673 3927 exempla,
1708 3871 1743 3911 a
1779 3856 1973 3925 quibus
2019 3857 2199 3926 abest,
2242 3858 2389 3914 velut
2422 3857 2675 3913 Heracld.
2715 3862 2852 3915 529:

530 3944 628 3999 καὶ
650 3932 1029 4011 κατάρχεσθ’,
1065 3939 1119 3997 εἰ
1145 3940 1155 4009 Ι
1184 3944 1357 3998 δοκεῖ.
1419 3941 1613 4013 Itaque
1638 3943 1878 4013 quamvis
1902 3942 2214 4011 refragante
2237 3943 2551 4000 Hermanno
2575 3943 2857 4001 assentior

536 4028 811 4093 Porsono,
860 4025 952 4094 qui
987 4039 1267 4081 caesuram
1303 4027 1443 4083 inter
1480 4021 1663 4094 οὐδεὶς
1707 4026 2040 4097 pronominis
2077 4028 2314 4098 syllabas
2360 4028 2695 4084 intercedere
2732 4035 2858 4085 sta-
2985 4033 2995 4042 “

531 4113 640 4167 tuit
672 4110 815 4177 (Alc.
846 4113 961 4165 671.
988 4110 1193 4167 Phoen.
1222 4116 1340 4166 747.
1368 4112 1435 4167 H.
1461 4113 1567 4169 fur.
1601 4116 1747 4168 1338.
1786 4110 1932 4182 Cycl.
1967 4116 2080 4170 120.
2108 4117 2222 4168 672.
2247 4114 2380 4169 Eur.
2408 4113 2509 4183 frg.
2537 4118 2678 4179 497).
