3177 4960
853 340 936 394 De
969 339 1381 395 irrationalitate
1416 339 1599 395 studia
1633 340 1954 409 rhythmica.
2434 343 2510 403 27
2521 343 2553 403 7

240 531 473 597 nem0‚
537 513 627 579 ita
684 533 766 580 ne
810 512 1026 580 rhetor
1083 511 1343 596 quidem
1405 512 1515 579 ille
1574 511 1738 597 legis
1786 513 2221 582 Porsonianae
2265 517 2557 582 notitiam

242 614 478 681 habuit
523 615 753 699 ullam;
815 615 1102 698 accedit,
1162 614 1335 696 quod
1394 620 1643 699 spectat
1698 635 1824 681 non
1870 635 2168 683 caesuras
2226 618 2558 705 femineae,

242 737 409 800 quas
458 717 674 786 dicere
718 719 1190 800 consuevimus,
1237 737 1460 784 verum
1494 715 1853 784 hexametri
1901 719 2273 804 clausulam,
2321 721 2386 785 in
2431 741 2559 805 qua

241 840 362 905 pro
410 819 581 903 pede
613 826 958 887 tetrasemo
1004 820 1260 905 ponitur
1303 820 1597 886 trisemus
1642 821 1683 885 i.
1717 839 1771 886 e.
1819 826 2165 904 correptus,
2218 841 2445 905 neque,
2493 828 2561 888 ut

240 921 313 987 fit
359 923 433 987 in
478 922 782 1005 trimetro,
831 942 947 1006 pro
979 923 1241 989 trisemo
1279 922 1649 1006 productus.
1740 922 1947 1005 Magis
1978 923 2063 989 ad
2093 943 2228 989 rem
2258 930 2559 1007 nostram,

244 1043 419 1106 quae
452 1024 624 1090 idem
655 1027 691 1101 ξ
730 1026 881 1090 108:
928 1025 1115 1102 „Non
1145 1030 1328 1108 turpe
1368 1024 1655 1091 duceres.
1731 1024 1865 1091 Sed
1896 1023 2003 1092 hic
2032 1031 2131 1092 est
2159 1026 2321 1092 illud
2353 1028 2567 1109 inane,

244 1127 424 1213 quod
459 1127 616 1192 dixi.
693 1127 1031 1194 Paululum
1079 1128 1246 1193 enim
1277 1147 1495 1193 morae
1537 1127 1763 1193 damus
1796 1129 1960 1193 inter
1989 1129 2281 1194 ultimum
2312 1150 2392 1197 ac
2421 1151 2563 1215 pro-

246 1232 497 1298 ximum
530 1230 799 1297 verbum
823 1237 887 1298 et
916 1236 1141 1314 „turpe
1160 1234 1184 1263 ‘⁴
1216 1229 1378 1296 illud
1400 1231 1744 1297 intervallo
1778 1227 2057 1314 quodam
2088 1232 2519 1315 producimus.
2539 1239 2564 1267 “

244 1334 465 1418 Atque
495 1334 797 1417 quoniam
825 1333 1023 1399 lexin
1046 1333 1258 1416 priore
1289 1333 1642 1400 tetrametri
1670 1339 1854 1418 parte
1886 1335 2039 1400 item
2072 1335 2247 1401 valet
2275 1341 2468 1419 atque
2501 1337 2566 1402 in

244 1438 626 1522 posteriore,
669 1436 1043 1502 incisionem
1076 1442 1222 1520 post
1249 1438 1423 1502 arsin
1452 1438 1712 1519 longam
1746 1437 1946 1519 liquet
1974 1457 2101 1503 non
2134 1439 2410 1506 evitasse
2445 1445 2566 1506 tra-

246 1541 451 1624 gieoS,
500 1544 569 1604 ut
611 1540 1001 1622 praematuri
1048 1538 1256 1604 exitus
1302 1540 1586 1622 speciem
1619 1538 1989 1621 effugerent.
2076 1539 2174 1606 Ac
2212 1560 2295 1606 ne
2325 1542 2391 1606 in
2420 1542 2567 1608 aliis

250 1641 520 1726 quidem
566 1641 784 1707 metris
831 1641 1041 1707 simile
1086 1640 1435 1724 quidquam
1483 1640 1621 1706 fieri
1670 1640 1993 1723 videmus,
2043 1661 2170 1725 quo
2213 1642 2377 1708 illud
2423 1664 2564 1728 pro-

250 1746 468 1828 betur;
501 1744 679 1809 velut
707 1743 791 1808 ab
823 1740 1198 1809 hexametro
1230 1741 1554 1826 dactylico
1580 1761 1710 1807 non
1740 1741 1925 1809 abest
1955 1761 2222 1810 caesura
2252 1745 2570 1825 bucolica,

250 1848 301 1914 si
349 1851 619 1930 quartus
677 1864 792 1928 pes
838 1850 936 1911 est
978 1844 1319 1927 spondeus.
1338 1845 1377 1921 ¹)
1469 1845 1682 1927 Atque
1728 1846 1782 1912 si
1829 1845 2134 1913 creticum
2191 1848 2485 1915 ultimum
2531 1869 2571 1914 a

249 1956 457 2016 metro
505 1948 729 2015 divelli
774 1948 1129 2014 noluissent
1171 1952 1431 2032 poetae,
1481 1953 1655 2014 certe
1699 1956 1845 2031 post
1888 1950 2061 2016 arsin
2107 1952 2568 2033 paenultimam

250 2073 376 2119 non
426 2052 989 2134 interpunxissent.
1065 2052 1312 2116 Tamen
1355 2052 1900 2134 interpunctiones
1946 2054 2052 2119 vel
2082 2054 2413 2136 graviores
2457 2057 2569 2124 illo

249 2155 396 2222 loco
430 2159 785 2237 occurrunt,
821 2160 888 2220 ut
916 2173 958 2219 a
980 2154 1215 2220 cretico
1246 2153 1361 2219 illo
1394 2160 1681 2220 extremo
1714 2155 2027 2237 incipiant
2056 2158 2411 2226 sententiae
2442 2179 2570 2226 non

251 2256 450 2325 modo
485 2257 948 2339 subiunctivae,
985 2275 1204 2323 verum
1238 2257 1430 2321 etiam
1459 2257 1925 2341 paratacticae:
1975 2258 2184 2325 Prom.
2213 2263 2355 2325 508.
2390 2259 2465 2327 O.
2493 2263 2564 2327 R.

253 2363 351 2426 63.
388 2363 537 2425 967.
576 2363 757 2424 1171.
805 2358 944 2424 Alc.
979 2360 1123 2440 805,
1168 2359 1350 2425 alias.
1441 2357 1612 2436 Quin
1644 2360 1838 2425 etiam
1871 2365 2019 2426 ante
2049 2361 2320 2445 lecythii
2360 2362 2569 2430 thesin

255 2462 721 2549 paenultimam
752 2482 1066 2547 personae
1097 2461 1367 2529 mutatio
1398 2452 1770 2548 (ἇντιλαβή)
1805 2462 2157 2528 invenitur:
2205 2462 2278 2531 Ο.
2315 2465 2389 2530 Β.
2424 2470 2569 2533 943.

256 2566 423 2632 Phil.
458 2567 606 2649 981,
653 2570 799 2649 post
844 2566 1194 2631 tetrametri
1239 2565 1572 2649 syzygiam
1616 2565 1918 2648 primam:
1967 2564 2209 2632 Phoen.
2243 2569 2385 2630 612.
2434 2569 2566 2634 Ion.

255 2674 402 2736 531.
463 2667 607 2752 Iph.
652 2667 1020 2732 Aul.1351.
1060 2669 1242 2733 1363.
1348 2667 1575 2750 Neque
1637 2687 1789 2733 vero
1851 2668 2076 2734 incisio
2137 2670 2382 2736 evitata
2426 2690 2568 2737 esse

256 2771 533 2853 videtur,
581 2789 662 2836 ne
695 2771 799 2836 vel
829 2775 1264 2836 tetrametrum
1312 2771 1378 2834 in
1409 2774 1708 2853 quattuor
1754 2776 1970 2854 partes
2017 2773 2180 2837 inter
2224 2793 2293 2839 se
2330 2792 2570 2857 aequas

257 2876 361 2942 vel
409 2874 765 2940 trimetrum
810 2874 875 2938 in
908 2878 1122 2957 partes
1168 2873 1521 2956 aequaliter
1565 2873 1931 2940 desinentes
1966 2873 2351 2955 dissecetur3
2398 2877 2571 2961 apud

256 2977 538 3045 comicos
615 2976 782 3042 enim
854 2980 1223 3041 tetrametra
1292 2981 1438 3058 post
1493 2976 1779 3058 singulos
1852 2976 2142 3062 epitritos
2209 2979 2572 3046 inciduntur

260 3079 433 3147 haud
481 3100 659 3163 ram,
721 3098 821 3145 ex.
855 3099 947 3162 gr.
984 3079 1143 3161 Equ.
1177 3081 1318 3165 576.
1381 3078 1546 3144 Nub.
1580 3080 1724 3144 448.
1760 3083 1904 3144 455.
1959 3080 2069 3146 Ar.
2105 3084 2226 3145 325
2259 3102 2354 3165 sq.
2387 3083 2570 3159 aliaS‚

259 3203 469 3267 neque
529 3182 720 3267 lyrici
778 3188 982 3246 metra
1038 3181 1275 3247 similia
1332 3183 1396 3246 in
1449 3183 1752 3266 syzygias
1811 3183 2134 3248 dissecare
2194 3184 2381 3248 veriti
2427 3191 2574 3249 sunt

260 3287 439 3352 velut
485 3282 743 3350 Pindar.
779 3282 974 3349 01.X
1007 3287 1119 3348 45.
1167 3279 1311 3356 υιός
1343 3285 1700 3366 σταθμᾶτο
1740 3284 1749 3366 Ι
1792 3280 2036 3361 ζάθεον
2070 3276 2272 3357 ἄλσος
2311 3283 2320 3365 Ι
2361 3288 2569 3367 πατρὶ

259 3391 553 3472 μεγίστῳ
594 3385 604 3469 Ι
641 3386 801 3469 περὶ
848 3383 919 3449 δὲ
964 3383 1220 3465 πάξεις,
1270 3393 1333 3453 et
1362 3387 1542 3454 alias.

432 3489 618 3568 Quae
663 3509 808 3556 cum
853 3490 944 3555 ita
990 3509 1059 3556 se
1107 3488 1417 3573 habeant,
1462 3496 1610 3574 post
1653 3490 1911 3572 longam
1957 3489 2131 3556 arsin
2179 3509 2321 3557 esse
2369 3492 2571 3557 evita-

262 3599 392 3659 tam
440 3598 509 3659 et
553 3590 752 3658 thesis
800 3591 1184 3657 solutionem
1232 3597 1295 3657 et
1340 3540 1764 3658 distinctionis
1810 3612 2055 3658 moram
2105 3611 2183 3658 ea
2228 3591 2311 3658 de
2359 3613 2575 3675 causa,

264 3693 438 3779 quod
498 3692 698 3761 thesis
766 3712 1022 3777 quoque
1091 3695 1489 3779 paenultima
1555 3699 1653 3760 est
1711 3695 2129 3778 irrationalis,
2198 3714 2573 3779 persuasum

267 3797 499 3864 habeo.
604 3797 877 3862 Tantum
944 3797 1112 3862 enim
1171 3798 1476 3880 temporis
1542 3798 1705 3863 arsis
1763 3798 2150 3864 irrationalis
2210 3797 2404 3880 longa
2466 3816 2573 3863 ex-

267 3920 491 3982 pressa
541 3918 1050 3983 praeoccupasse
1116 3899 1439 3967 credenda
1486 3904 1616 3984 est,
1677 3905 1745 3965 ut
1787 3901 2077 3983 legitimo
2136 3900 2321 3965 metri
2367 3899 2574 3982 spatio

411 4037 456 4098 1)
492 4032 556 4086 In
580 4031 741 4087 simili
764 4032 998 4087 fortasse
1032 4046 1091 4084 re
1116 4046 1181 4085 ac
1205 4032 1292 4086 lex
1316 4033 1651 4088 Porsoniana
1681 4034 1914 4102 positum
1938 4037 2038 4099 est,
2077 4031 2223 4101 quod
2245 4031 2302 4085 in
2326 4032 2577 4084 hexame-

267 4122 351 4173 tro
391 4132 621 4172 caesura
648 4120 783 4187 post
820 4120 1072 4187 quartum
1108 4116 1422 4172 trochaeum
1458 4117 1626 4187 epicis
1663 4134 1771 4173 non
1807 4123 1962 4186 grata
1998 4122 2096 4170 est.
