3177 4960
967 320 1052 375 De
1084 320 1498 378 irrationalitate
1531 323 1714 378 studia
1747 324 2067 395 rhythmica.
2548 330 2667 389 351

360 492 777 573 irrationalia,
825 493 983 575 quid
1014 494 1098 559 sit
1128 490 1326 580 ῥητὸν
1356 502 1422 561 et
1451 488 1712 581 ἄλογον,
1746 498 1902 581 quid
1931 495 2008 565 τὸ
2040 496 2209 564 κατὰ
2241 499 2442 586 μέρος
2472 500 2674 588 ῥητὸν

360 600 428 659 et
468 590 546 657 τὸ
583 590 751 657 κατὰ
796 590 952 670 τοὺς
994 596 1129 660 τῶν
1174 588 1490 678 ἀριθμῶν
1533 596 1741 679 μόνον
1788 597 2021 684 λόγους
2067 598 2284 687 ῥητὸν,
2332 603 2415 670 de
2457 605 2670 689 paral·

358 695 541 779 lage,
601 695 684 762 de
740 697 888 764 aliis
933 697 1124 764 rebus
1170 705 1302 783 (pp.
1355 697 1732 779 1‘98—247).
1822 702 2012 769 Unde
2068 706 2277 771 elucet
2320 705 2480 771 duas
2524 725 2667 773 esse

358 797 868 866 irrationalitatis
925 799 1210 884 species,
1278 802 1550 868 alteram
1617 804 1979 887 simplicem
2032 812 2228 889 atque
2283 808 2664 892 absolutam,

359 919 527 983 quae
557 906 807 985 spectat
833 901 919 967 ad
948 901 1151 987 pedes
1183 903 1561 987 singulares,
1607 907 1876 972 alteram
1913 927 2089 991 vero,
2135 928 2301 992 quae
2346 910 2667 976 invenitur

357 997 428 1064 ἐν
474 999 782 1085 ῥυθμοῖς,
828 1004 1151 1087 pertinere
1195 1003 1280 1071 ad
1326 1012 1622 1090 tempora
1664 1007 1834 1074 bina.

530 1102 968 1171 Adumbratur
998 1107 1303 1174 universa
1331 1107 1703 1175 Aristoxeni
1733 1109 1818 1175 de
1847 1112 2243 1195 temporibus
2273 1112 2664 1197 explanatio,

355 1205 769 1288 maximeque
815 1226 981 1290 quae
1028 1208 1093 1273 in
1138 1227 1217 1275 ea
1260 1208 1343 1274 de
1388 1210 1784 1295 temporibus
1841 1213 2318 1280 irrationalibus
2377 1213 2667 1282 docuerit

358 1314 423 1373 et
467 1327 635 1391 quae
681 1327 897 1375 eorum
944 1310 1072 1375 sint
1117 1310 1377 1394 indicia,
1426 1313 1772 1395 exponitur
1816 1317 1948 1397 (Pp.
1982 1317 2365 1394 247—258).

686 1564 883 1631 Pars
929 1565 1021 1630 II:
1070 1566 1185 1631 De
1231 1567 1930 1635 irrationalitatis
1976 1569 2333 1636 sedibus.

526 1717 948 1784 Aristoxenus
993 1718 1349 1786 doctrinam
1380 1741 1560 1787 suam
1592 1742 1721 1787 non
1751 1721 1835 1788 ad
1868 1722 2083 1788 omnia
2113 1729 2317 1789 metra
2345 1724 2667 1808 pertinere

354 1818 592 1901 voluit3
650 1838 814 1902 quae
869 1826 1085 1887 autem
1141 1842 1268 1889 non
1322 1825 1601 1908 curavit,
1661 1844 1740 1890 ea
1784 1828 2092 1890 vocantur
2147 1815 2665 1911 ἀπεμφαινοντα

351 1922 483 2004 (pp.
517 1922 899 1999 258—268).

527 2022 1040 2091 Irrationalitatis
1084 2024 1273 2092 sedes
1330 2025 1715 2109 indagantur
1771 2028 2023 2111 legibus
2067 2028 2289 2094 tribus.
2380 2027 2664 2093 Primum

353 2122 439 2189 de
473 2143 551 2190 ea
579 2126 1087 2209 irrationalitate,
1136 2147 1304 2211 quae
1347 2128 1515 2194 inest
1544 2124 1613 2191 ἐν
1645 2126 1955 2214 ῥυθμοῖς.
2030 2128 2403 2196 Ostenditur
2431 2129 2664 2212 thesin,

355 2244 522 2308 quae
545 2228 833 2310 sequitur
861 2228 1033 2294 arsin
1066 2230 1499 2296 irrationalem
1529 2231 1786 2313 syllaba
1804 2231 2072 2315 ancipiti
2097 2251 2490 2316 expressam,
2523 2250 2665 2298 esse

354 2327 823 2412 irrationalem,
877 2350 1023 2396 cum
1066 2350 1185 2397 nec
1242 2332 1531 2397 solvatur
1573 2352 1696 2397 nec
1741 2352 2008 2398 caesura
2049 2333 2135 2398 ab
2178 2334 2307 2398 arsi
2353 2333 2469 2397 illa
2512 2332 2663 2399 diri-

353 2437 564 2497 matur
606 2432 740 2508 (lex
784 2452 826 2498 a
869 2432 1157 2500 Porsono
1211 2434 1610 2516 observata);
1667 2432 1841 2516 quod
1884 2432 2123 2500 accidit
2178 2453 2305 2501 non
2363 2434 2569 2502 modo
2600 2435 2665 2501 in

353 2535 583 2600 ultima
625 2535 896 2601 trimetri
952 2536 1214 2602 iambici
1272 2542 1338 2602 et
1389 2536 1743 2601 tetrametri
1802 2534 2113 2602 trochaici
2173 2538 2490 2620 syzygiis,
2549 2538 2665 2605 sed

355 2639 552 2704 etiam
599 2639 665 2702 in
708 2639 925 2722 priore
971 2638 1323 2704 tetrametri
1367 2644 1581 2721 parte,
1637 2639 1703 2702 in
1746 2638 1965 2704 metris
2010 2636 2461 2706 choriambicis
2505 2641 2665 2705 ioni-

352 2740 578 2823 cisque
621 2760 663 2807 a
704 2740 950 2806 minore
978 2741 1434 2822 anaclomenis,
1481 2740 1547 2804 in
1576 2739 1911 2822 glyconeis
1954 2740 2436 2824 telesilleisque,
2482 2742 2665 2826 aliis;

354 2843 546 2909 simul
592 2842 952 2927 exponitur,
999 2843 1155 2925 quid
1201 2862 1238 2908 e
1283 2841 1547 2909 sedibus
1592 2841 2068 2908 irrationalibus
2112 2841 2195 2908 de
2224 2842 2465 2926 pedum
2497 2851 2663 2910 com'-

352 2946 707 3030 positorum
755 2945 1002 3028 origine
1048 2942 1216 3010 effici
1260 2944 1466 3028 possit
1507 2943 1641 3028 (pp.
1675 2945 2061 3019 268—319).

528 3048 713 3114 Alius
758 3053 973 3114 autem
1018 3046 1484 3112 irrationalium
1516 3046 1809 3113 binorum
1846 3051 2202 3130 temporum
2250 3046 2408 3114 ordo
2453 3047 2664 3115 diver·

350 3170 557 3234 saque
601 3151 852 3216 numeri
897 3156 1126 3215 natura
1177 3156 1241 3215 et
1285 3150 1466 3231 origo
1526 3148 1694 3215 inest
1750 3149 1816 3213 in
1860 3150 2146 3214 trimetro
2191 3149 2471 3217 iambico
2516 3157 2666 3217 ante

349 3253 886 3337 semiquinariam
953 3258 1019 3318 et
1073 3254 1140 3317 in
1199 3252 1433 3336 prioris
1492 3252 1847 3317 tetrametri
1905 3248 2216 3317 trochaici
2270 3252 2473 3335 partis
2538 3252 2664 3319 fine

354 3362 420 3422 et
462 3357 529 3421 in
574 3356 721 3421 aliis
767 3354 1084 3439 eiusmodi
1127 3355 1348 3420 metris
1394 3355 1526 3437 (pp.
1561 3353 1944 3431 320-332).

525 3457 627 3523 De
656 3457 863 3522 altera
905 3456 1416 3539 irrationalitate,
1464 3474 1633 3538 quae
1661 3461 1912 3540 spectat
1939 3454 2024 3521 ad
2055 3453 2259 3538 pedes
2287 3455 2666 3538 singulares.

354 3559 537 3638 Quae
570 3560 913 3641 invenitur,
944 3563 1016 3624 ut
1043 3559 1172 3624 iam
1204 3564 1397 3624 antea
1425 3559 1698 3641 sparsim
1731 3557 2238 3624 demonstratum
2272 3563 2388 3641 est,
2428 3559 2494 3624 in
2525 3579 2665 3625 ver-

351 3681 542 3729 suum
586 3659 1085 3744 periodorumve
1131 3659 1448 3742 exordiis,
1510 3667 1644 3725 tum
1698 3660 1763 3724 in
1807 3659 2059 3726 arsibus
2105 3660 2409 3727 extremis
2453 3661 2666 3728 inesse

345 3768 852 3831 consentaneum
896 3769 994 3830 est
1043 3765 1174 3848 (pp.
1209 3765 1607 3845 332—334)‚
1663 3762 1945 3827 maxime
1989 3767 2202 3829 autem
2249 3763 2316 3828 in
2361 3764 2665 3830 clausulis

351 3874 697 3932 metrorum
754 3866 1159 3949 claudorum,
1215 3865 1298 3931 de
1358 3885 1626 3948 quorum
1685 3870 1914 3930 natura
1957 3871 2022 3931 et
2078 3865 2420 3948 generibus
2465 3884 2662 3949 expo-

349 3972 521 4037 nitur
568 3972 699 4051 (pp.
732 3968 1113 4046 334—349).

2257 4166 2357 4217 23*
