3177 4960
533 326 657 386 338
1486 323 1647 393 nugo
1681 324 1715 379 J
1720 327 1871 378 usatz

909 423 946 454 Ω

536 496 894 566 sideramus
938 498 1133 566 talem
1177 496 1682 582 productionem,
1727 502 1977 565 constat
2011 517 2131 564 nec
2173 496 2468 564 vocalem
2512 495 2653 563 fieri
2699 516 2847 580 pro-

532 601 891 668 ductiorem
925 621 1117 684 quam
1140 606 1368 666 natura
1390 606 1506 683 est,
1537 619 1657 666 nec
1688 607 2110 667 consonantes
2141 599 2302 667 duas
2332 604 2574 666 tantam
2604 598 2848 665 habere

536 705 704 787 vim,
764 710 834 770 ut
877 703 1193 771 disemum
1239 703 1547 786 temporis
1592 704 1903 787 spatium,
1950 703 2122 787 quod
2168 709 2460 788 superest
2504 702 2588 769 de
2632 704 2847 787 spatio

533 806 833 889 trisemo,
886 825 1168 890 unquam
1215 805 1480 888 explere
1521 806 1879 888 potuerint,
1939 805 2064 873 nisi
2108 806 2209 872 vis
2254 806 2348 873 eis
2393 806 2732 888 inferatur,
2779 811 2852 871 ut

533 927 665 973 non
698 907 912 974 dicam
945 907 1028 975 de
1059 907 1312 992 syllaba
1345 908 1665 992 positione
1709 908 1905 991 longa
1949 928 2067 991 per
2097 931 2134 989 ρ
2164 909 2417 975 literam
2449 906 2593 991 (frg.
2626 912 2729 992 63,
2768 909 2849 985 1).

538 1010 767 1094 Neque
788 1030 945 1078 vero
968 1017 1258 1094 tempore
1287 1010 1461 1076 inani
1492 1010 1826 1078 interiecto
1857 1011 2184 1078 trisemum
2215 1011 2510 1095 expletur
2538 1011 2853 1095 spatium;

533 1112 699 1196 quid
742 1114 910 1179 enim
956 1119 1091 1179 tum
1135 1113 1392 1180 omnino
1438 1132 1599 1195 opus
1644 1119 1814 1180 esset
1857 1113 2226 1196 positione?
2269 1112 2542 1181 Accedit
2585 1113 2759 1196 quod
2792 1114 2850 1179 si

533 1216 1084 1298 antepaenultima
1112 1221 1284 1282 esset
1313 1216 1595 1297 trisemo„
1627 1216 2024 1298 paenultima
2044 1222 2260 1282 autem
2282 1214 2504 1300 thesis,
2537 1214 2852 1283 choliam-

539 1318 660 1384 bus
689 1337 815 1383 non
848 1325 1017 1384 esset
1044 1318 1418 1400 trimetrum,
1466 1338 1689 1385 verum
1733 1317 2132 1404 heptapodia
2161 1319 2440 1386 iambica
2469 1320 2854 1386 catalectica

539 1420 930 1502 icosasema,
974 1426 1411 1486 tetrametrum
1434 1470 1451 1503 ,
1505 1426 1720 1487 autem
1766 1421 2063 1488 claudum
2105 1440 2235 1487 non
2278 1420 2365 1488 ad
2408 1427 2849 1488 tetrametrum

541 1541 769 1605 purum
802 1521 1263 1605 catalecticum,
1296 1522 1413 1590 sed
1433 1523 1518 1589 ad
1541 1522 1965 1590 acatalectum
1991 1531 2162 1591 esset
2181 1523 2656 1590 conferendum.
2708 1524 2853 1603 Quo

533 1624 911 1691 obscuratur
940 1645 1018 1692 ac
1048 1625 1292 1691 tollitur
1336 1625 1527 1708 plane
1570 1624 1850 1693 affinitas
1896 1627 2061 1692 inter
2105 1633 2309 1693 metra
2350 1619 2534 1710 ὀρθὰ
2573 1633 2638 1693 et
2661 1624 2850 1706 χωλὰ

539 1725 960 1809 intercedens,
990 1746 1118 1809 qua
1146 1746 1384 1810 eorum,
1416 1729 1526 1810 qui
1548 1727 1918 1810 audiebant,
1950 1747 2137 1795 aures
2167 1728 2472 1813 pellicere
2502 1728 2854 1796 studebant

538 1834 791 1911 poetae.
838 1828 1049 1911 Atque
1073 1827 1196 1896 hoc
1224 1848 1480 1912 quoque
1504 1849 1747 1913 quaeso
1772 1831 2035 1913 cogites.
2081 1831 2333 1896 Etenim
2356 1850 2552 1914 supra
2587 1838 2671 1915 (p.
2699 1832 2852 1910 278)

536 1931 955 2014 exposuimus
1013 1931 1081 1996 in
1125 1932 1346 1998 metris
1405 1932 1700 2000 iambicis
1744 1933 2138 2000 catalecticis
2181 1934 2500 2017 syllabam
2544 1939 2852 2020 antepae-

541 2032 906 2114 nultimam,
968 2051 1134 2114 quae
1195 2034 1260 2098 in
1304 2035 1680 2101 acatalectis
1725 2040 1823 2101 est
1880 2036 2300 2119 irrationalis,
2361 2037 2855 2104 irrationalitate

536 2134 740 2200 eximi
773 2139 1136 2218 propterea,
1183 2134 1359 2220 quod
1387 2135 1588 2203 thesis
1616 2137 2014 2220 subsequens
2044 2137 2131 2205 ad
2159 2138 2646 2222 productionem
2678 2141 2854 2208 illius

539 2237 703 2303 arsis
737 2237 1279 2320 compensandam
1308 2258 1435 2305 non
1459 2245 1556 2305 est
1579 2238 1832 2305 idonea.
1894 2240 2090 2323 Atqui
2121 2247 2464 2308 metrorum
2497 2249 2560 2308 et
2593 2242 2852 2310 claudo-

542 2360 681 2405 rum
712 2344 778 2404 et
808 2338 1324 2406 catalecticorum
1366 2341 1623 2408 illorum
1655 2361 1953 2409 mensura
1982 2341 2348 2411 Christiana
2392 2346 2476 2428 (p.
2512 2348 2658 2428 361,
2707 2346 2855 2413 coll.

540 2463 649 2528 pp.
687 2445 828 2507 110.
878 2444 993 2508 341
1045 2443 1217 2519 aliis)
1263 2463 1390 2511 una
1435 2444 1792 2529 eademque
1839 2451 1968 2526 est,
2024 2452 2471 2531 praeterquam
2518 2448 2697 2531 quod
2742 2449 2857 2516 illa

538 2545 830 2612 auctiora
859 2551 1007 2611 sunt
1034 2548 1162 2612 una
1192 2546 1467 2631 syllaba,
1557 2547 1728 2632 Ergo
1759 2568 1902 2616 cum
1935 2549 2199 2616 easdem
2244 2551 2422 2633 leges
2451 2549 2857 2634 rhythmicas

545 2648 610 2712 in
642 2649 932 2731 utrisque
976 2649 1218 2731 pariter
1248 2649 1469 2716 valere
1500 2650 1994 2717 existimandum
2027 2657 2214 2737 esset,
2245 2673 2287 2719 a
2316 2652 2665 2720 choliambi
2699 2653 2856 2721 sede

544 2748 695 2815 inde
740 2769 782 2814 a
824 2748 950 2816 fine
1005 2757 1232 2833 quarta
1273 2752 1504 2818 abesse
1549 2752 1815 2819 deberet
1857 2753 2328 2822 irrationalitas.
2418 2756 2504 2821 At
2548 2757 2856 2838 quoniam

543 2849 612 2915 id
678 2870 805 2916 non
872 2850 1137 2934 accidit,
1208 2854 1495 2935 sequitur
1551 2874 1881 2922 mensuras
1938 2863 2282 2924 metrorum
2339 2858 2651 2939 diversas,
2694 2878 2854 2926 esse.

544 2951 772 3033 Itaque
816 2951 884 3015 in
914 2953 1135 3019 metris
1166 2953 1414 3021 claudis
1449 2958 2063 3040 antepaenultimam
2107 2960 2430 3027 trisemam
2477 2980 2621 3027 esse
2665 2980 2856 3044 nege,

546 3072 688 3119 cum
744 3059 960 3120 tamen
1018 3054 1084 3119 in
1129 3056 1349 3122 metris
1394 3058 1787 3126 catalecticis
1845 3060 1976 3128 illis
2018 3063 2480 3145 paenultimam
2524 3065 2858 3131 trisemam

543 3175 688 3223 esse
732 3176 859 3222 non
903 3156 1273 3224 concedam.

717 3259 969 3326 Indicia
1011 3266 1248 3344 autem,
1303 3262 1533 3344 quibus
1578 3264 1690 3329 alii
1736 3265 1882 3331 freti
1927 3267 2386 3349 paenultimam
2432 3287 2575 3334 esse
2619 3269 2858 3351 thesin,

539 3362 1155 3443 antepaenultimam
1188 3369 1403 3430 autem
1448 3366 1773 3433 trisemam
1807 3368 2051 3452 volunt,
2097 3368 2343 3437 caduca
2373 3377 2534 3437 sunt.
2628 3371 2859 3455 Neque

542 3463 717 3527 enim
762 3462 1110 3546 quidquam
1159 3465 1441 3533 dandum
1474 3465 1571 3536 est
1613 3488 1911 3536 versuum
1956 3471 2196 3538 nomini
2240 3493 2359 3540 nec
2403 3473 2591 3556 pedis
2635 3473 2860 3558 rhyth-

544 3564 696 3630 mici
741 3565 1073 3632 clauditati
1120 3588 1262 3635 cum
1306 3570 1473 3655 pede
1533 3570 1812 3639 humano
1869 3574 2294 3641 conferendae
2352 3596 2563 3659 neque
2610 3596 2696 3643 ex
2740 3597 2865 3646 usu

544 3666 788 3749 Babrii,
819 3669 928 3750 qui
960 3670 1394 3751 paenultimae
1424 3693 1676 3758 semper
1704 3675 2031 3743 addiderit
2058 3686 2408 3763 accentum,
2439 3698 2653 3762 neque
2682 3681 2861 3764 inde,

541 3769 721 3852 quod
768 3771 978 3853 poetis
1022 3772 1239 3839 latinis
1268 3776 1451 3841 verbi
1496 3775 1803 3844 trochaici
1848 3778 2112 3846 brevem
2158 3787 2490 3865 percutere
2524 3802 2656 3848 non
2701 3782 2863 3850 licu-

544 3872 703 4037 θξίίὶι,
761 3871 1112 3954 quidquam
1159 3873 1241 3941 de
1294 3878 1479 3943 metri
1523 3880 1935 3962 percussione
1977 3881 2060 3947 ab
2107 3882 2513 3966 Hipponacte
2565 3883 2866 3952 instituta

550 3991 586 4038 e
659 3972 974 4040 ciendum.

718 4074 1064 4143 Metrorum
1109 4079 1479 4147 claudorum
1541 4084 1642 4151 vis
1699 4084 1850 4152 inde
1909 4087 2059 4152 oriri
2116 4086 2274 4153 mihi
2334 4087 2623 4170 videtur,
2684 4091 2863 4173 quod
