3177 4960
782 337 868 393 De
901 336 1318 393 irrationalitate
1352 337 1532 392 studia
1564 337 1883 408 rhythmica.
2362 340 2486 398 249

181 515 236 581 si
278 519 535 597 tempus
579 512 830 579 disemo
873 511 1085 577 minus
1129 509 1557 577 dissecaretur
1601 512 1669 576 in
1713 511 1841 577 duo
1885 517 2207 596 tempora,
2266 533 2488 579 eorum

183 616 396 683 sinon
429 620 782 697 utrumque,
828 618 896 679 at
925 618 1096 679 certe
1141 613 1412 679 alterum
1455 620 1745 695 tempore
1788 615 1997 698 primo
2043 620 2214 680 esset
2257 615 2487 697 minus,

185 716 356 801 quod
415 715 765 782 absurdum
821 721 937 782 est.
1026 715 1313 780 Primum
1371 715 1541 780 enim
1600 720 1852 799 tempus
1910 717 2193 782 omnium
2244 723 2486 801 tempo-

186 839 338 901 rum,
387 836 809 902 quaecunque
854 835 970 902 per
1012 815 1568 900 rhythmizomena
1610 817 1734 881 tria
1780 816 2199 901 dissecantur,
2246 819 2488 886 brevis-

188 922 416 987 simum
482 938 625 987 esse
681 920 1047 1002 statuimus;
1116 918 1172 985 si
1230 918 1425 1001 igitur
1491 926 1787 986 extarent
1842 927 2136 1001 tempora
2200 926 2491 1004 tempore

185 1023 390 1106 primo
436 1023 688 1088 minora
715 1019 1412 1104 rhythmizomenorum
1454 1022 1789 1087 elementis
1817 1019 2199 1106 rhythmicis
2230 1044 2491 1109 expres-

187 1145 276 1208 sa,
320 1125 602 1210 primum
646 1122 811 1188 illud
853 1128 1125 1207 tempus,
1172 1121 1345 1205 quod
1389 1123 1759 1205 statuimus,
1804 1143 1930 1188 non
1976 1131 2148 1191 esset
2190 1126 2489 1209 primum,

189 1227 299 1293 sed
341 1225 698 1293 secundum
742 1225 1015 1290 fortasse
1061 1225 1169 1289 vel
1212 1224 1501 1306 tertium,
1562 1225 1669 1290 vel
1713 1226 1912 1291 alium
1972 1228 2280 1292 maiorem
2323 1230 2490 1295 acci·

188 1333 364 1412 peret
408 1344 775 1410 numerum,
831 1345 959 1409 quo
1003 1327 1192 1411 plura
1245 1332 1538 1410 tempora
1595 1327 1709 1393 illo
1756 1328 2033 1409 primum
2092 1334 2328 1395 statuto
2372 1331 2491 1395 mi-

189 1449 341 1495 nora
368 1434 821 1495 statuerentur.
909 1428 1012 1494 Ex
1043 1447 1170 1510 quo
1207 1430 1435 1510 elucet,
1481 1447 1901 1547 quaecunque
1948 1430 2255 1514 temporis
2300 1433 2493 1516 primi

193 1530 398 1615 spatio
447 1529 695 1614 duplici
739 1538 886 1598 sunt
931 1531 1198 1613 minora,
1245 1532 1550 1613 quoniam
1596 1530 1661 1595 in
1709 1531 1804 1597 eis
1849 1524 2086 1607 ἁπλῶς
2131 1525 2246 1597 οὐκ
2276 1530 2491 1609 ε’ξεστι

191 1634 522 1696 τίθεσθαι
574 1631 792 1697 πλείω
843 1633 1005 1714 μιᾶς
1062 1630 1393 1719 συλλαβῆς
1446 1618 1488 1714 ἢ
1534 1628 1682 1707 ἑνὸς
1740 1630 2048 1717 φθόγγου
2093 1620 2134 1720 ἢ
2181 1631 2329 1711 ἑνὸς
2373 1656 2492 1723 ση-

193 1738 393 1816 μείου,
444 1755 525 1800 ea
569 1734 698 1802 dici
746 1729 981 1809 ἅπλῶς
1026 1725 1387 1798 ἀσύνθετα.
1476 1736 1787 1818 Λέγομεν
1832 1732 1908 1797 δέ
1934 1759 2086 1800 τινα
2130 1736 2243 1801 καὶ
2289 1727 2491 1801 ἇσύν-

190 1838 388 1901 θετον
425 1833 669 1920 χρόνον
708 1837 844 1901 κτλ.
873 1874 955 1882 —-

355 1938 544 2017 Quae
600 1960 685 2006 ex
744 1939 1116 2006 Aristoxeni
1173 1957 1366 2004 sensu
1419 1944 1596 2004 recte
1654 1939 1947 2006 restituta
2004 1959 2145 2007 esse
2189 1941 2272 2007 ab
2320 1944 2493 2008 omni

196 2041 589 2109 dubitatione
635 2048 950 2108 remotum
993 2060 1137 2106 esse
1181 2039 1344 2106 mihi
1387 2038 1664 2107 videtur.
1757 2042 1853 2107 Ac
1882 2061 1966 2108 ne
2010 2042 2175 2110 forte
2220 2045 2364 2127 quis
2410 2065 2493 2111 ex

196 2142 476 2210 Aristide
525 2146 612 2225 (p.
646 2145 726 2207 32
750 2142 878 2208 Mb.
910 2171 994 2193 =
1025 2146 1170 2227 49,5
1193 2141 1322 2207 W.:
1367 2143 1639 2225 πρῶτος
1681 2142 2110 2230 naz-ammas
2148 2143 2492 2234 αἰσθήσει)

200 2250 258 2309 et
298 2244 502 2311 Pselli
548 2243 920 2311 definitione
965 2245 1250 2310 auctiore
1296 2247 1357 2322 (ξ
1384 2249 1450 2309 7:
1511 2244 1785 2328 πρῶτόν
1828 2270 1902 2311 τε
1945 2251 2216 2335 νοητέον
2257 2240 2493 2333 χρόνον

196 2342 304 2409 τὸν
356 2337 483 2410 ὑπ’
549 2341 819 2420 οὐδενὸς
881 2347 1016 2409 τῶν
1071 2343 1578 2432 ῥυθμιζομένων
1647 2345 2011 2430 δυνάμενον
2071 2348 2495 2430 διαιρεῖσθαι

195 2470 274 2531 γν
293 2471 392 2533 ωρ
412 2446 707 2530 ίμωςῑ»
740 2446 997 2531 efficiat,
1030 2454 1280 2534 tempus
1317 2449 1594 2532 primum
1623 2468 1766 2517 esse
1795 2451 2131 2518 minimum
2161 2452 2295 2517 τῶν
2325 2475 2495 2537 γνω-

197 2553 396 2635 ρίμων
444 2552 529 2637 τῇ
575 2548 924 2631 αἰσθήσει,
984 2550 1069 2616 ad
1114 2571 1299 2618 usum
1362 2571 1518 2619 vero
1575 2554 1897 2635 pertinere
1956 2556 2150 2620 etiam
2196 2555 2497 2621 breviora

199 2643 266 2715 οὗ
308 2651 613 2737 γνώριμα
667 2654 750 2738 τῇ
797 2649 1121 2738 αἰσθήσει
1165 2659 1230 2719 et
1273 2653 1702 2737 irrationalia,
1764 2656 1917 2739 quia
1960 2663 2245 2741 tempore
2289 2658 2494 2741 primo

197 2776 315 2821 non
344 2757 480 2822 sint
510 2756 1146 2823 commensurabilia:
1192 2755 1260 2821 id
1291 2762 1463 2822 certe
1508 2763 1756 2824 constat
1785 2758 2338 2825 irrationalitatem
2371 2780 2495 2825 non

197 2876 328 2923 esse
369 2857 501 2923 nisi
545 2859 710 2923 inter
746 2856 907 2924 duos
954 2854 1187 2941 λόγους
1215 2860 1585 2942 γνωρίμους
1629 2861 1711 2944 τῇ
1744 2856 2068 2947 αἰσθήσει
2112 2852 2238 2924 ἆνὰ
2271 2863 2496 2943 μέσον.

196 2953 414 3038 Itaque
463 2956 629 3024 inter
674 2979 1112 3026 monosemum
1171 2965 1235 3025 et
1278 2958 1597 3026 disemum
1643 2968 1867 3029 extant
1911 2969 2205 3047 tempora
2247 2964 2497 3030 irratio-

197 3057 394 3142 nalia,
457 3059 623 3125 inter
678 3081 1122 3127 monosemum
1167 3069 1231 3127 et
1276 3054 1568 3147 ἄσημον,
1628 3065 1683 3130 si
1728 3065 1929 3131 verbo
1990 3067 2145 3132 licet
2187 3067 2312 3150 uti,
2369 3087 2496 3131 non

196 3158 360 3226 item.
455 3160 616 3226 Mihi
672 3169 887 3229 autem
945 3169 1235 3246 tempora
1289 3165 1692 3231 irrationalia
1744 3165 1993 3233 duabus
2049 3168 2318 3250 syllabis
2368 3188 2497 3233 non

200 3264 471 3344 exprimi
529 3284 722 3346 posse
780 3266 947 3330 adeo
1006 3284 1382 3348 persuasum
1428 3273 1554 3351 est,
1611 3275 1679 3331 ut
1720 3267 1872 3333 inde
1918 3268 2367 3335 documentum
2414 3269 2496 3335 de

200 3382 410 3430 eorum
463 3365 727 3433 sedibus
772 3368 1196 3433 certissimum
1241 3367 1592 3450 petendum
1636 3387 1778 3435 esse
1824 3368 2160 3435 confidam.

359 3468 567 3550 Atqui
610 3474 970 3535 nostrorum
1013 3468 1543 3553 rhythmicorum,
1591 3472 1887 3553 quamvis
1917 3490 2060 3537 eam
2091 3473 2324 3556 legem,
2372 3494 2500 3558 qua

199 3572 446 3652 tempus
490 3570 766 3653 primum
799 3571 1081 3637 omnium
1112 3576 1492 3655 temporum,
1539 3591 1705 3655 quae
1750 3572 1835 3638 ad
1866 3573 2270 3658 rhythmicae
2316 3596 2498 3643 usum

201 3678 505 3756 spectant,
538 3673 986 3739 brevissimum
1020 3692 1163 3740 esse
1194 3673 1508 3753 statuitur,
1541 3674 1757 3742 verbis
1802 3678 2238 3762 probaverint,
2284 3685 2497 3745 tamen

367 3843 417 3903 1)
455 3838 544 3892 Sic
561 3839 703 3892 enim
730 3847 875 3894 certe
899 3840 1260 3905 scribendum,
1285 3856 1412 3907 non,
1430 3844 1493 3893 ut
1510 3839 1884 3909 Westphalius
1909 3845 2143 3913 scripsit,
2167 3849 2499 3917 γνωρίμων;

199 3934 316 3975 nam
341 3921 785 3995 ῥυθμιζομένοις
807 3927 1121 3998 γνωρίμοις
1145 3926 1398 3994 opposita
1422 3933 1605 3980 essent
1629 3923 2024 3999 ῥυθμιζόμενα
2044 3927 2333 4001 ἄγνωστα,
2356 3932 2501 4000 quod

201 4005 507 4062 absurdum.
578 4001 902 4081 Ἀγνώστως
935 4016 1117 4064 aut-em
1152 4005 1552 4083 διαιρούμενον
1587 4013 1694 4067 erit
1723 4019 1952 4083 tempus,
1988 4015 2138 4069 velut
2170 4030 2291 4069 cum
2315 4015 2371 4069 in
2395 4016 2501 4070 lexi

201 4089 451 4147 dividitur
484 4108 584 4164 per
605 4095 835 4160 litteras,
871 4111 980 4150 non
1003 4110 1103 4165 per
1123 4096 1378 4165 syllabas.
