3177 4960
662 338 783 398 322
1461 269 1473 298 f
1625 336 1783 406 Hugo
1818 336 1853 391 J
1854 341 2007 393 usatz

663 514 827 581 inter
871 510 1416 596 praepositionem
1458 510 1723 577 brevem
1768 512 1875 578 vel
1920 511 2180 595 longam
2228 516 2294 577 et
2321 531 2584 578 nomen:
2634 510 2838 596 Soph.
2867 513 2956 579 El.

661 620 813 683 921:
862 611 937 680 οὗ
968 611 1142 699 πρὸς
1180 612 1190 697 Ι
1229 605 1489 700 ἡδονὴν,
1538 612 1614 680 Ο.
1649 613 1721 679 R.
1754 617 1912 679 615:
1959 601 2080 678 κᾶν
2112 609 2180 678 ἐν
2219 610 2232 697 Ι
2267 607 2501 700 ἡμέρᾳ,
2549 613 2789 682 Troad.
2823 616 2957 681 946.

669 721 852 783 1211.
888 715 1191 784 Heracld.
1238 718 1385 779 641.
1419 716 1553 782 Ion.
1590 716 1741 798 5943
1787 715 1908 799 Ag.
1942 717 2096 782 326:
2144 706 2320 800 ἀμφὶ
2364 712 2374 796 Ι
2413 707 2739 797 σώμασιν,
2787 714 2861 782 Ο.
2891 717 2960 782 Β.

663 825 820 886 455:
854 811 1004 883 ἀντὶ
1042 816 1052 900 Ι
1091 817 1453 901 πλουσίου;
1486 817 1722 885 deinde
1753 818 1919 885 inter
1948 818 2356 902 negationem
2382 824 2447 884 et
2475 818 2745 885 verbum
2777 837 2958 902 nega-

661 931 825 991 tum:
858 923 960 992 Ai.
993 923 1136 987 677.
1171 920 1245 988 O.
1277 922 1353 986 R.
1388 921 1531 987 538.
1564 920 1796 988 Trach.
1828 925 1972 986 444.
2001 922 2148 986 Eur.
2175 920 2401 1005 Suppl.
2438 923 2591 1004 179;
2624 921 2749 1003 Ag.
2787 923 2956 1004 1139,

659 1028 824 1093 inter
846 1024 957 1089 καὶ
980 1027 1090 1103 (=
1114 1025 1332 1102 etiam)
1357 1029 1424 1091 et
1444 1042 1707 1091 nomen:
1740 1022 2028 1108 Ghoeph.
2056 1026 2198 1089 558.
2226 1022 2301 1091 O.
2325 1025 2402 1090 R.
2427 1028 2530 1090 94.
2559 1026 2705 1089 302.
2731 1023 2955 1090 Troad.

663 1133 765 1213 56,
811 1130 975 1195 inter
1004 1127 1514 1194 coniunctionem
1556 1126 2066 1210 monosyllabam
2112 1133 2177 1193 et
2220 1127 2518 1193 verbum:
2567 1126 2780 1193 Prom.
2815 1130 2956 1192 345:

664 1228 786 1315 ἐγώ
833 1227 958 1314 γὰρ
1004 1219 1137 1309 οὐκ,
1185 1226 1245 1294 εἰ
1284 1228 1293 1311 Ι
1336 1226 1647 1310 δυστυχῶ,
1693 1235 1842 1312 post
1884 1221 1976 1304 ὥς
2019 1232 2127 1304 (=
2169 1229 2290 1307 ut):
2338 1230 2519 1295 Eum.
2555 1229 2701 1293 861.
2733 1229 2833 1295 Ai.
2865 1231 2955 1309 64,

662 1333 940 1415 denique
967 1339 1116 1415 post
1144 1332 1276 1398 alia
1303 1330 1749 1414 monosyllaba
1777 1336 1914 1397 arte
1945 1350 2088 1397 cum
2121 1331 2320 1398 verbo
2357 1336 2668 1414 sequente
2701 1350 2954 1413 conexa,

662 1435 981 1503 disiuncta
1022 1434 1105 1500 ab
1149 1432 1568 1500 antecedente
1599 1452 1714 1517 per
1744 1434 2320 1518 interpunctionem
2350 1434 2459 1500 vel
2489 1434 2844 1500 sententiae
2872 1433 2953 1498 in-

662 1538 999 1606 cisionem:
1044 1534 1242 1601 Andr.
1275 1538 1429 1599 440:
1462 1524 1624 1598 ὅταν
1654 1525 1808 1598 τάδ’
1846 1518 1908 1619 ᾗ,
1955 1526 2098 1600 τότ’
2147 1534 2157 1618 Ι
2196 1534 2500 1617 οἴσομεν·
2535 1533 2610 1600 σὲ
2645 1532 2719 1600 δὲ
2745 1534 2951 1612 κτενῶ,

661 1642 795 1709 Ion.
833 1642 1028 1705 1380:
1074 1638 1185 1702 καὶ
1231 1638 1342 1701 νῦν
1390 1632 1610 1718 λαβὼν
1655 1628 1841 1721 τήνδ’
1888 1635 1898 1720 Ι
1939 1629 2256 1724 ἀντίπηγ’
2310 1635 2477 1703 οἴσω
2522 1638 2692 1721 θεῷ,
2739 1637 2887 1704 alia.

833 1741 1179 1821 Quaeritur
1222 1746 1460 1823 autem,
1515 1759 1681 1824 quae
1725 1741 1919 1806 fuerit
1963 1742 2460 1825 semiquinariae
2504 1746 2733 1807 natura
2777 1747 2955 1823 atque

667 1845 938 1913 indoles.
1026 1843 1309 1910 Mediam
1356 1842 1626 1908 trimetri
1676 1843 2013 1926 syzygiam
2071 1844 2412 1926 incisione,
2470 1861 2666 1926 quam
2710 1843 2955 1927 proprie

668 1965 999 2015 caesuram
1056 1962 1396 2025 vocamus,
1452 1963 1671 2010 carere
1729 1965 1856 2011 non
1913 1965 2136 2030 posse,
2205 1965 2349 2013 cum
2408 1945 2660 2012 metrici
2718 1951 2955 2012 veteres

665 2048 862 2133 (apud
893 2046 1062 2113 Geli.
1095 2045 1315 2110 XVIII
1351 2049 1408 2126 5,
1447 2048 1504 2122 1)
1549 2047 2159 2131 animadverterunt,
2205 2054 2340 2115 tum
2377 2049 2575 2115 nostri
2618 2049 2957 2131 probarunt

663 2150 949 2227 (Porson.
983 2147 1187 2231 praef.
1220 2146 1304 2213 ad
1337 2147 1494 2214 Hec.
1525 2167 1588 2232 p.
1622 2147 1921 2225 XXVII).
2011 2150 2173 2217 Sunt
2214 2152 2411 2233 igitur
2455 2149 2643 2217 sedes
2690 2156 2853 2233 tres,
2901 2151 2955 2215 in

665 2252 894 2336 quibus
939 2269 1206 2318 caesura
1243 2255 1455 2334 potest
1497 2250 1819 2317 collocari.
1909 2253 2121 2337 Atque
2166 2253 2457 2320 omnibus
2488 2253 2694 2319 tribus
2725 2254 2953 2320 inveni-

662 2362 765 2422 tur
809 2354 1104 2438 quamvis
1149 2373 1276 2419 non
1320 2352 1462 2435 pari
1507 2352 1868 2436 frequentia
1897 2375 1975 2421 ac
2006 2357 2234 2438 gratia.
2312 2355 2609 2422 Crebrior
2656 2357 2833 2422 enim
2873 2374 2954 2422 se-

652 2457 1051 2543 miquinaria
1089 2462 1186 2524 est
1216 2474 1410 2539 quam
1440 2456 1988 2543 semiseptenaria,
2038 2456 2201 2527 haec
2229 2464 2442 2525 autem
2475 2478 2672 2542 quam
2703 2478 2952 2527 caesura

663 2561 903 2638 media,
966 2579 1131 2643 quae
1193 2558 1457 2637 dicitur,
1519 2578 1791 2641 eamque
1835 2560 2047 2643 ipsam
2095 2560 2458 2644 Aeschylus
2503 2566 2568 2626 et
2611 2560 2954 2645 Sophocles

663 2682 886 2747 saepe,
947 2660 1289 2745 Euripides
1332 2660 1712 2744 plerumque
1759 2663 1930 2745 sive,
1989 2669 2060 2729 ut
2104 2663 2428 2730 Meklerus
2472 2663 2707 2739 (Wien.
2739 2664 2951 2732 Studd.

663 2765 759 2830 ΠΙ
794 2766 977 2845 1881,
1008 2783 1073 2846 p.
1102 2764 1180 2826 37
1213 2765 1376 2845 sqq.)
1423 2761 1667 2829 studuit
1707 2765 2015 2847 probare,
2068 2766 2307 2849 ubique
2353 2766 2444 2831 ita
2487 2785 2953 2849 comparavere,

663 2873 734 2932 ut
779 2866 838 2931 ei
875 2863 1188 2931 adderent
1230 2864 1521 2930 vocalem
1568 2865 1814 2949 elisam,
1862 2873 1931 2933 ut
1972 2873 2188 2934 tamen
2231 2869 2296 2933 in
2339 2868 2511 2934 arsin
2544 2867 2841 2937 desinere
2869 2871 2952 2936 vi·

666 2966 921 3034 deretur
950 2966 1125 3050 prius
1150 2966 1417 3032 trimetri
1449 2968 1883 3047 membrum.¹)
1936 2971 2177 3038 Poetae
2208 2977 2420 3037 autem
2451 2989 2786 3037 caesuram
2816 2971 2953 3055 poni

841 3171 887 3233 1)
924 3166 1185 3222 Versibus
1223 3165 1614 3234 semiquinaria
1649 3170 1929 3226 utentibus
1975 3170 2336 3226 adscribenda
2384 3175 2515 3225 sunt
2559 3186 2746 3239 pauca
2791 3172 2954 3227 trime-

663 3256 777 3321 tra‚
825 3267 963 3322 quae
1009 3255 1135 3322 post
1170 3251 1400 3321 primam
1437 3253 1705 3323 syzygiam
1749 3253 1917 3310 incidi
1949 3254 2215 3310 videntur.
2287 3255 2423 3310 Nam
2472 3257 2670 3312 ceteris
2710 3257 2951 3313 correctis

663 3337 829 3403 (Pers.
857 3343 952 3392 501
993 3337 1198 3392 emend.
1237 3336 1650 3403 HeimsoethiuS,
1687 3341 1788 3407 Ag.
1833 3342 1960 3393 1252
1996 3354 2097 3394 em.
2136 3339 2485 3409 Hartungius)
2521 3345 2737 3398 restant
2768 3342 2950 3397 Aesch.

663 3422 851 3491 Suppl.
880 3427 1007 3476 2443
1056 3426 1152 3478 καὶ
1188 3419 1369 3479 τᾶλλα
1419 3417 1596 3480 πόλλ’
1637 3425 1646 3493 Ι
1684 3419 1982 3481 ἐπεικασαι
2027 3425 2250 3481 δίκαιον
2297 3427 2392 3495 η’ν,
2435 3426 2523 3526 Αἰ).
2550 3431 2683 3483 9693
2738 3449 2790 3484 τι
2821 3431 2950 3498 δῆτα

664 3501 827 3561 τοῦδ’
859 3503 1320 3605 Ι”ἐπαγγελῷεν’
1290 3502 1365 3565 οἶν
1381 3503 1559 3577 κοίτας
1585 3507 1748 3564 Here.
1773 3509 1879 3564 fur.
1911 3513 2032 3565 183:
2057 3507 2196 3582 ἐροῦ
2213 3503 2327 3566 τίν’
2345 3504 2518 3584 avdp'
2550 3507 2821 3587 Ιοέριστέα
2837 3513 2952 3586 κρί-

667 3608 823 3645 νειαν
859 3585 933 3647 ἄν
967 3590 1064 3656 (sic
1090 3591 1460 3661 Hartungius),
1496 3592 1665 3648 Andr.
1691 3597 1817 3648 397:
1857 3587 2010 3666 ἀτὰρ
2046 3593 2104 3651 τί
2135 3589 2303 3653 ταῦτ’
2336 3597 2344 3664 Ι
2378 3590 2676 3670 ὀδίᾙρομαι
2711 3594 2782 3656 τὰ
2815 3593 2869 3654 δ’
2895 3595 2952 3654 ἐν

666 3676 838 3729 ποσὶν
874 3677 1073 3738 (ταῦτα
1099 3672 1340 3748 δὺρομαι
1365 3677 1613 3744 Porson).
1684 3679 1749 3733 In
1785 3679 1978 3749 quibus
2015 3695 2127 3735 non
2151 3680 2449 3737 claudentis
2471 3683 2679 3739 vocalis
2703 3696 2950 3754 apocope,

667 3757 761 3812 sed
784 3756 1092 3826 incipientis
1118 3760 1401 3828 aphaeresi
1425 3762 1686 3818 utendum
1710 3766 1811 3831 est,
1837 3767 1935 3818 aut
1970 3765 2154 3834 potius
2179 3766 2462 3836 utriusque
2484 3768 2690 3824 vocalis
2715 3770 2951 3836 correpta

665 3842 896 3911 quadam
928 3843 1384 3911 pronuntiatione.
1458 3848 1543 3902 Ita
1565 3847 1642 3914 fit,
1678 3853 1740 3903 ut
1777 3849 2038 3905 eiusmodi
2072 3849 2263 3905 incisio
2302 3852 2521 3906 nonsit
2555 3852 2827 3920 diaeresiS,
2861 3851 2948 3908 scd

665 3941 892 3981 caesura
939 3927 996 3981 in
1039 3928 1211 3982 media
1258 3931 1474 4000 syzygia
1516 3933 1693 3987 altera
1739 3934 1934 4002 posita.
2018 3934 2173 4003 Quod
2217 3935 2465 3991 accidere
2513 3952 2625 3993 non
2667 3943 2866 4010 potest,
2907 3936 2951 3991 si

665 4011 840 4067 altera
887 4010 1089 4066 vocalis
1125 4016 1208 4068 est
1242 4014 1433 4082 longa,
1478 4032 1604 4072 nam
1637 4022 1751 4073 tum
1786 4034 1924 4089 opus
1960 4026 2105 4075 esset
2142 4034 2370 4076 caesura
2405 4021 2842 4093 semiseptenaria
2874 4023 2948 4077 vel

663 4096 857 4152 media.
930 4096 1121 4166 Itaque
1156 4098 1303 4155 nullo
1340 4100 1497 4157 modo
1534 4103 1784 4159 excusari
1819 4107 1999 4173 potest
2033 4120 2219 4161 versus
2256 4106 2473 4175 spurius
2510 4106 2633 4178 Iph.
2658 4109 2780 4164 Aul.
2808 4111 2946 4165 1586.
