3177 4960
642 353 767 411 254
1610 349 1766 417 Hugo
1803 347 1838 402 J
1840 350 1995 404 usatz

648 529 810 594 bene
854 526 1111 609 ponitur
1155 525 1221 590 in
1265 521 1695 604 tetrachord0,
1742 522 1800 589 si
1844 522 2111 588 interest
2155 521 2321 587 inter
2365 519 2651 603 hypaten
2699 526 2766 587 et
2809 541 2941 605 par·

645 629 965 715 hypaten3
1011 627 1178 691 inter
1203 623 1528 692 lichanum
1575 629 1789 690 autem
1837 629 1901 690 et
1932 643 2151 690 mesen
2197 624 2319 689 erit
2364 620 2645 704 ἐκμελές.

816 731 915 796 De
960 726 1479 811 rhythmoidibus
1522 732 1739 792 autem
1786 726 2181 810 temporibus
2241 730 2305 792 et
2347 724 2741 811 arrhythmis
2788 725 2944 792 diffi-

648 833 833 899 cilius
894 836 991 898 est
1035 847 1440 911 cognoscere.
1531 825 1923 912 Arrhythma
1969 830 2138 896 enim
2186 835 2476 911 tempora
2531 847 2659 894 non
2705 829 2831 895 nisi
2877 848 2944 894 ea

647 934 730 1001 de
777 952 971 999 causa
1015 931 1404 1013 enumerari,
1466 936 1535 996 ut
1578 950 1620 995 a
1664 927 2030 1013 rhythmica
2085 931 2373 1015 protinus
2418 931 2649 998 abesse
2694 930 2942 997 demon-

646 1042 953 1117 strentur,
1014 1034 1417 1102 consentiunt
1476 1033 1599 1097 viri
1646 1030 1821 1097 docti
1880 1031 2143 1109 (Caesar
2187 1054 2249 1117 p.
2284 1036 2387 1117 92,
2434 1052 2624 1116 quem
2672 1035 2946 1116 sequitur

652 1137 1089 1222 Westphalius
1146 1135 1292 1201 Rh.³
1322 1156 1386 1219 p.
1419 1136 1559 1216 96);
1627 1155 1775 1200 nam
1833 1133 2202 1219 rhythmum
2271 1137 2533 1218 exigere
2594 1135 2941 1203 ordinatam

650 1247 1007 1325 temporum
1054 1238 1599 1322 compositionem.
1690 1238 1933 1303 Tamen
1982 1230 2222 1320 ἄλογον
2267 1238 2524 1303 omnino
2571 1254 2714 1303 esse
2763 1227 2937 1319 ὂῖῤῥυ-

651 1344 833 1422 θμον
896 1340 1069 1407 idem
1130 1340 1370 1407 Caesar
1434 1338 1524 1423 (p.
1561 1341 1668 1415 93)
1729 1340 2056 1421 concedit,
2126 1339 2680 1405 irrationalitatem
2739 1343 2939 1403 autem

653 1442 976 1526 quandam
1039 1462 1165 1508 non
1228 1459 1369 1508 esse
1413 1460 1456 1507 a
1499 1439 1800 1527 rhythmo
1847 1443 2212 1525 exclusam,
2258 1461 2452 1524 quam
2496 1441 2763 1507 subesse
2801 1434 2941 1522 χρό-

649 1566 789 1619 νοις
835 1540 1328 1628 ῥυθμοειὸέσιν,
1376 1562 1518 1609 eam
1548 1544 1817 1628 scilicet,
1864 1563 2030 1628 quae
2061 1543 2345 1610 terminis
2376 1544 2459 1609 sit
2488 1544 2740 1610 inclusa
2768 1548 2943 1622 atque

651 1647 947 1714 coercita.
1049 1646 1135 1711 At
1190 1664 1400 1711 nonne
1463 1647 1671 1713 omnis
1730 1644 2132 1729 arrhythmia
2188 1644 2419 1711 finibus
2480 1643 2943 1724 circumscripta

651 1768 791 1815 esse
839 1747 1109 1831 cogitari
1153 1746 1413 1830 potest?
1472 1746 1634 1813 Cum
1692 1753 1905 1813 autem
1963 1768 2084 1815 nec
2143 1768 2253 1816 cur
2297 1747 2504 1813 altera
2558 1743 2942 1828 arrhythmia

650 1851 735 1916 sit
777 1854 1066 1933 accepta,
1114 1850 1320 1914 altera
1366 1850 1650 1932 exclusa,
1696 1869 1817 1916 nec
1862 1849 2018 1932 quid
2062 1848 2222 1926 huic,
2258 1850 2341 1916 sit
2381 1849 2714 1932 proprium
2760 1865 2935 1928 expo-

651 1956 780 2033 nat,
827 1952 1059 2034 ipsum,
1108 1948 1282 2032 quod
1313 1951 1537 2031 voluit,
1584 1970 1711 2017 non
1743 1951 1936 2034 plane
1980 1951 2220 2021 vidisse
2252 1957 2542 2035 apertum
2575 1956 2690 2031 est,
2738 1967 2942 2014 verum

651 2056 998 2135 praecepta
1043 2050 1127 2116 ad
1176 2070 1278 2118 res
1323 2052 1818 2118 accommodare
1862 2053 2135 2134 studuit,
2197 2073 2341 2119 cum
2399 2073 2481 2119 ne
2523 2072 2627 2120 res
2675 2051 2938 2134 quidem,

648 2171 1070 2236 quaecunque
1113 2152 1410 2220 accidere
1452 2159 1739 2236 possunt,
1801 2153 2068 2221 haberet
2115 2161 2504 2240 perspectas.

824 2255 920 2322 Ac
951 2254 1034 2322 de
1060 2246 1414 2339 εὐρύθμων
1437 2256 1700 2339 quidem
1733 2263 1961 2324 natura
1982 2259 2139 2324 satis
2171 2263 2436 2326 constat.
2489 2258 2563 2322 In
2596 2247 2944 2342 ἆρῤύθμων

652 2365 866 2426 autem
913 2356 1391 2425 definitionibus
1423 2358 1692 2425 eaedem
1723 2360 2016 2427 notiones
2062 2361 2489 2444 inveniuntur,
2537 2380 2697 2444 quas
2744 2358 2941 2424 valere

654 2462 1072 2547 cognovimus
1105 2459 1186 2528 de
1231 2459 1506 2546 pedibus
1552 2461 2060 2546 irrationalibus;
2108 2483 2256 2529 nam
2288 2469 2434 2532 sunt
2465 2453 2724 2546 ἀλόγως
2755 2483 2942 2526 συνει-

652 2562 923 2647 ρόμενοι
953 2563 1266 2642 (Aristid.)
1302 2568 1366 2629 et
1411 2556 1745 2645 ἄγνωστοι
1793 2561 2015 2644 ἔχουσι
2058 2563 2233 2647 πρὸς
2279 2557 2593 2651 ἀλλήλοις
2641 2562 2939 2630 σύνθεσιν

653 2669 795 2750 (frg.
831 2667 1091 2747 Paris),
1142 2666 1297 2747 quia
1341 2672 1486 2731 sunt
1531 2658 1608 2729 οὐ
1653 2663 1974 2751 γνώριμοι
2020 2669 2103 2752 τῇ
2151 2665 2490 2754 αἰσθήσει,
2538 2669 2578 2733 ἰ.
2613 2687 2668 2734 e.
2718 2675 2782 2735 et
2825 2666 2942 2732 uni·

652 2789 906 2836 versum
932 2767 1210 2851 spatium
1244 2772 1341 2832 est
1370 2765 1771 2833 indefinitum
1806 2776 1868 2836 et
1896 2771 2109 2853 spatia
2137 2771 2422 2854 singula3
2455 2792 2603 2837 nam
2633 2771 2699 2836 in
2732 2769 2942 2837 choreo

654 2869 1009 2950 irrationali
1042 2869 1235 2934 etiam
1282 2867 1482 2935 thesis
1515 2889 1641 2935 non
1687 2871 1873 2954 pedis
1920 2873 2123 2955 ipsius
2167 2874 2433 2955 ratione,
2481 2873 2598 2941 sed
2641 2893 2759 2956 per
2803 2872 2944 2939 alios

653 2972 854 3057 pedes
900 2969 1216 3037 definitur.
1306 2968 1624 3048 Quoniam
1669 2980 1881 3040 autem
1926 2973 2032 3041 hic
2077 2980 2435 3059 temporum
2471 2977 2945 3060 compositiones

653 3076 736 3141 ab
784 3074 956 3140 omni
1000 3071 1443 3158 rhythmorum
1488 3076 1900 3157 copulatione
1944 3079 2282 3144 absolutae
2328 3080 2720 3164 cogitantur,
2767 3077 2939 3144 thesis

653 3196 907 3261 quoque
940 3177 1054 3243 illa
1083 3176 1166 3242 ab
1199 3176 1374 3241 omni
1404 3175 1709 3259 rhythmo
1743 3181 1953 3245 soluta
1983 3181 2104 3247 erit
2141 3173 2399 3264 ἄλογος.
2487 3183 2716 3264 Itaque
2748 3180 2935 3249 chorei

654 3279 1044 3347 irrationalis
1070 3278 1350 3345 absoluti
1380 3284 1673 3345 neutrum
1706 3287 1958 3364 tempus
1990 3289 2086 3350 est
2118 3282 2465 3350 definitum.
2559 3282 2939 3369 Quapropter

654 3382 972 3449 eiusmodi
1019 3389 1375 3464 temporum
1409 3382 1771 3449 coniunctio
1803 3384 1888 3449 ad
1934 3376 2315 3470 ἇῤῥυθμίαν
2349 3386 2688 3469 spectabit.
2779 3382 2940 3465 Quod

654 3505 780 3550 non
840 3485 1091 3550 mirum.
1180 3485 1331 3566 Ipse
1389 3485 1557 3551 enim
1608 3485 2030 3555 Aristoxenus
2091 3491 2175 3572 (p.
2210 3491 2319 3570 30,
2372 3492 2450 3553 16
2482 3489 2608 3567 W.)
2654 3487 2937 3576 rhythmi-

653 3606 986 3654 zomenum
1022 3605 1353 3653 commune
1386 3606 1527 3654 esse
1575 3578 1957 3674 ἆρῤυθμίας
1987 3613 2060 3653 τε
2097 3590 2209 3655 καὶ
2256 3589 2523 3676 ῥυθμοῦ
2552 3599 2618 3659 et
2665 3595 2935 3676 excipere

656 3696 992 3771 utrumque
1024 3696 1325 3772 systema,
1372 3686 1448 3754 τό
1482 3712 1554 3753 τε
1586 3683 1921 3774 εὔρυθμον
1967 3694 2079 3757 καὶ
2124 3688 2199 3757 τὸ
2250 3684 2620 3778 ἅῤῥυθμον,
2670 3701 2936 3772 testatum

654 3790 1274 3875 rhythmizomenum
1334 3798 1548 3859 autem
1610 3794 1971 3863 absolutum
2013 3818 2054 3862 a
2097 3795 2633 3882 rhythmopoeiae
2679 3819 2792 3866 usu
2833 3814 2938 3862 non

656 3899 852 3960 extat.
954 3893 1083 3960 Ubi
1142 3899 1355 3959 autem
1422 3895 1539 3962 illa
1596 3896 1995 3982 arrhythmia
2051 3920 2094 3965 a
2158 3900 2369 3985 poetis
2427 3900 2797 3968 admittatur
2849 3897 2937 3965 vel

655 3995 1058 4080 adhibeatur,
1108 4015 1226 4062 usu
1271 4002 1497 4079 postea
1543 4000 2059 4083 cognoscendum
2107 4003 2245 4068 erit.

737 4163 743 4169 ,
842 4096 1285 4181 Rhythmoide
1315 4105 1528 4166 autem
1562 4108 1745 4167 erunt
1776 4108 2065 4188 tempora
2097 4116 2177 4171 ex
2211 4105 2460 4172 duobus
2493 4104 2936 4171 irrationalibus
