3177 4960
952 330 1036 385 ne
1070 329 1486 386 irrationalitate
1520 290 1704 385 stadia
1735 329 2057 400 rhythmica.
2537 328 2655 391 177

344 510 619 575 alteram
663 507 727 570 in
757 504 981 571 alteris
1012 504 1232 571 metris
1262 502 1668 587 explicandis
1697 503 1871 568 viam
1916 503 2188 585 ingressi
2217 508 2381 582 sunt,
2427 505 2672 587 quibus
2727 491 2733 498 ¹

345 608 790 693 Westphalius
846 612 944 672 est
987 603 1453 672 adscribendus
1496 605 1748 672 ratione
1790 604 2037 671 recenti
2080 623 2283 687 nuper
2327 603 2658 689 (Rhythm.

346 712 446 780 ed.
478 711 577 776 ΙΠ
605 730 670 794 p.
703 711 822 774 291
852 709 1020 792 sqq.)
1064 707 1389 793 instituta.⁴

518 811 765 891 Quotus
821 817 1038 876 antem
1096 810 1368 892 quisque
1415 815 1543 892 est,
1600 808 1710 892 qui
1768 828 1984 875 secum
2028 811 2454 894 reputaverit,
2510 831 2666 877 num

345 921 700 1001 praecepta
728 913 1159 978 Aristoxenea
1189 918 1530 993 servasset,
1576 916 1689 977 aut
1718 912 1827 995 qui
1868 912 2276 994 inquisiverit
2302 914 2666 980 accuratius

343 1021 412 1084 in
442 1025 738 1084 naturam
782 1022 1144 1098 temporum
1189 1013 1315 1080 hoc
1344 1013 1538 1080 modo
1568 1015 1710 1080 sive
1752 1014 2208 1099 productorum
2237 1015 2377 1082 sive
2409 1036 2661 1099 correp-

344 1120 606 1188 torum?
691 1119 964 1185 Metrum
1010 1118 1182 1184 enim
1235 1118 1654 1201 glyconeum,
1716 1123 1786 1182 ut
1830 1118 2132 1201 exemplo
2176 1138 2311 1183 rem
2366 1118 2662 1204 doceam,

344 1224 478 1289 illis
501 1241 619 1307 pes
644 1227 743 1289 est
764 1240 850 1286 ex
873 1226 1171 1303 quattuor
1199 1219 1476 1303 pedibus
1506 1219 1599 1284 ita
1622 1220 2035 1304 composituS,
2068 1225 2138 1285 ut
2158 1220 2384 1286 ultima
2405 1221 2662 1304 syllaba

343 1329 458 1390 aut
499 1324 693 1389 trium
723 1327 836 1389 aut
880 1327 1178 1404 quattuor
1219 1341 1540 1386 morarum
1587 1340 1730 1388 esse
1775 1320 2022 1387 credita
2062 1321 2251 1404 pedis
2296 1340 2412 1388 seu
2454 1328 2664 1389 tactus

343 1426 597 1493 vicibus
641 1425 959 1508 fungatur.
1034 1424 1121 1488 At
1148 1424 1574 1503 Aristoxenus
1615 1429 1838 1508 aperte
1884 1423 2051 1489 dixit
2094 1426 2182 1507 (p.
2216 1426 2340 1489 288
2370 1423 2477 1489 fin.
2503 1425 2662 1491 Mor.

343 1559 432 1578 =
465 1531 566 1610 33,
615 1531 654 1591 6
684 1522 1003 1610 Westpli.)
1032 1525 1270 1610 pedem
1300 1545 1384 1591 ex
1417 1545 1545 1591 uno
1575 1532 1868 1609 tempore
1895 1528 1940 1605 1)
1969 1547 2099 1593 non
2126 1547 2320 1610 posse
2351 1534 2663 1594 constare.

341 1632 572 1713 Itaque
630 1630 1017 1713 glyconeum
1063 1628 1414 1695 secundum
1469 1630 1727 1694 illorum
1772 1629 2055 1695 rationes
2107 1629 2489 1714 dispositum
2532 1650 2662 1695 non

224 1815 229 1820 ⁸
343 1733 585 1817 poterit
640 1732 771 1798 dici
828 1732 1227 1816 tetrapodia,
1287 1731 1406 1798 sed
1463 1730 1746 1816 tripodia
1800 1732 2016 1814 potius
2075 1750 2157 1796 ex
2214 1732 2663 1815 inaequalibus

345 1835 624 1921 pedibus
669 1834 1058 1918 composita,
1121 1834 1379 1916 qualem
1422 1833 1741 1900 Aristides
1786 1831 2220 1910 Quintilianus
2269 1837 2358 1916 (p.
2407 1836 2487 1898 39
2533 1834 2663 1899 Mb.

344 1970 432 1988 =
464 1939 564 2018 59,
612 1940 649 2002 3
688 1937 811 2013 W.)
856 1936 1205 2018 discripsit.

522 2038 683 2106 Cum
714 2046 929 2105 autem
962 2045 1210 2105 constet
1240 2038 1486 2123 dactyli
1517 2041 1732 2123 cyclii,
1780 2040 1891 2124 qui
1935 2042 2002 2104 in
2046 2039 2173 2106 hoc
2203 2045 2406 2106 metro
2452 2040 2666 2106 inesse

348 2142 662 2224 creditur,
720 2140 933 2208 thesin
949 2192 966 2226 ,
1026 2160 1218 2224 quam
1276 2141 1523 2209 disemo
1581 2142 1895 2209 minorem
1939 2147 2123 2227 putat
2166 2141 2668 2226 rhythmicorum

345 2264 498 2329 pars
515 2293 533 2328 ,
589 2245 755 2310 solvi
799 2245 867 2308 in
917 2244 1074 2309 bina
1115 2249 1410 2329 tempora
1451 2245 1638 2311 brevi
1683 2245 1937 2329 syllaba
1982 2264 2324 2327 expressa,
2379 2245 2669 2328 sequitur

349 2348 406 2414 si
466 2367 594 2412 non
652 2352 991 2429 utrumque
1035 2352 1103 2412 at
1148 2354 1321 2413 certe
1364 2348 1637 2413 alterum
1685 2367 1903 2414 eorum
1960 2353 2321 2431 temporum
2376 2354 2666 2432 tempore

346 2450 556 2535 primo
579 2468 723 2517 esse
753 2449 981 2517 minus.
1040 2448 1232 2528 Quod
1261 2450 1440 2517 nullo
1471 2450 1665 2517 modo
1696 2450 1849 2517 ferri
1879 2450 2136 2534 poterit,
2170 2451 2476 2533 quoniam
2505 2456 2663 2517 tem-

346 2573 471 2639 pus
513 2553 793 2637 primum
826 2560 1186 2638 temporum
1219 2554 1518 2639 omnium,
1566 2558 1878 2636 quotquot
1905 2552 1991 2617 ad
2020 2550 2450 2637 rhythmicam
2482 2572 2665 2637 spec·

350 2663 510 2733 tant,
542 2656 995 2722 brevissimum
1030 2675 1172 2722 esse
1202 2662 1456 2722 veteres
1487 2655 1891 2722 consentiunt
1920 2655 2225 2732 (Aristox.
2255 2675 2319 2737 p.
2352 2655 2477 2719 280
2505 2656 2666 2722 Mor.

349 2787 434 2810 =
470 2761 571 2841 31,
605 2763 643 2821 5
668 2759 804 2843 W.;
850 2758 1044 2825 Psell.
1073 2761 1110 2835 ὅ
1144 2763 1181 2821 7
1198 2782 1214 2841 ;
1260 2759 1523 2825 Aristid.
1557 2757 1823 2836 Quintil.
1852 2780 1918 2842 p.
1951 2757 2033 2822 32
2063 2758 2192 2823 Mb.
2215 2786 2302 2809 ==
2325 2762 2427 2840 49,
2463 2760 2501 2823 3
2532 2759 2666 2837 W.;

346 2858 668 2926 Bacchius
693 2880 758 2943 p.
776 2862 856 2924 23
874 2860 1103 2925 Mb.=
1122 2864 1223 2942 66,
1250 2863 1330 2924 25
1346 2861 1479 2946 W.;
1510 2862 1631 2945 frg.
1656 2860 1930 2927 Parisin.
1955 2881 2062 2943 ap.
2089 2861 2379 2927 Vincent.
2402 2880 2466 2945 p.
2493 2858 2666 2941 234).

348 2962 499 3042 Qua
542 2961 929 3029 difficultate
974 2963 1113 3029 sive
1157 2964 1455 3045 neglecta
1498 2965 1640 3030 sive
1685 2964 2111 3047 subterfugita
2151 2970 2526 3048 protraxere
2570 2965 2669 3030 illi

352 3066 918 3149 grammaticorum
941 3067 1191 3148 aliquot
1211 3067 1410 3151 locos,
1444 3067 1677 3150 quibus
1708 3067 2072 3150 probarent,
2105 3072 2357 3150 tempus
2389 3068 2668 3149 primum

348 3189 478 3235 non
525 3187 668 3235 esse
712 3169 1081 3251 minimum,
1140 3169 1257 3234 sed
1303 3175 1526 3236 extare
1575 3176 1872 3252 tempora
1915 3171 2053 3235 eius
2098 3162 2401 3235 dimidia.
2477 3169 2668 3246 Quod

350 3291 498 3338 cum
530 3273 658 3337 iam
692 3269 931 3337 Caesar
962 3271 1374 3355 (Grundzflge
1405 3272 1522 3338 der
1549 3293 1643 3355 gr.
1677 3271 2037 3355 Rhythmik
2066 3290 2175 3354 pp.
2211 3274 2311 3337 89.
2346 3274 2469 3336 159
2501 3275 2666 3354 sqq.)

349 3374 712 3457 refutasset,
758 3379 973 3439 tamen
1001 3393 1413 3458 nequaquam
1442 3375 1658 3440 statim
1688 3375 2022 3459 abolitum,
2067 3372 2185 3439 sed
2214 3374 2559 3456 repetitum
2591 3395 2670 3441 ac

352 3482 804 3560 propagatum,
851 3476 1057 3543 donec
1100 3477 1562 3562 Westphalius,
1609 3496 1754 3543 cum
1776 3495 1911 3541 rem
1958 3474 2084 3541 hoc
2126 3476 2321 3541 modo
2366 3476 2669 3542 sustineri

354 3599 482 3645 non
526 3598 718 3661 posse
749 3580 1035 3661 sentiret,
1080 3581 1276 3646 aliam
1320 3579 1693 3646 Aristoxeni
1737 3578 2097 3645 doctrinam
2140 3580 2207 3644 in
2253 3598 2438 3645 usum
2484 3598 2670 3645 suum

356 3680 785 3749 conformavit
842 3680 988 3759 (Rh.
1046 3682 1147 3748 ed.
1195 3682 1292 3747 III
1335 3703 1400 3766 p.
1448 3685 1572 3749 292
1605 3684 1801 3766 sqq.),
1863 3682 1930 3746 in
1989 3701 2193 3748 novas
2248 3680 2668 3748 difficultates

354 3803 703 3851 mcurrens.
1232 3811 1239 3818 ·

533 3939 582 4000 1)
617 3934 856 4003 Tempus
901 3951 1013 3989 non
1057 3933 1279 4008 χρόνον
1325 3938 1592 4009 πρῶτον,
1640 3950 1826 3991 verum
1870 3932 2091 4008 χρόνον
2137 3928 2382 3991 ποδικὸν
2419 3934 2512 3987 hic
2546 3934 2668 3999 dici,

358 4021 519 4076 evicit
542 4024 735 4075 contra
760 4021 1093 4077 Boeckhium
1127 4021 1230 4087 (De
1254 4027 1407 4076 metr.
1435 4021 1591 4079 Pind.
1617 4039 1671 4092 p.
1701 4026 1785 4089 22)
1823 4021 2162 4077 Feussnerus
2196 4019 2301 4086 (ed.
2328 4034 2460 4074 suae
2484 4037 2573 4090 pp.
2603 4026 2662 4075 51

356 4114 412 4160 et
447 4106 677 4161 maxime
713 4110 799 4173 55)
833 4106 1196 4175 probantibus
1234 4108 1446 4163 ceteris.
