3177 4960
858 326 941 381 De
975 325 1385 384 irrationalitate
1419 328 1601 383 studia
1635 329 1956 400 rhythmica.
2441 335 2564 394 269

238 501 405 580 tata,
454 502 527 562 ut
556 497 797 580 ubique
840 498 1024 582 larga
1052 499 1497 584 suppeditetur
1528 504 1814 570 materia.
1907 504 2078 572 Satis
2108 512 2322 572 autem
2356 506 2568 576 habeo

241 618 384 664 rem
436 599 878 668 demonstrare
925 603 1149 685 paucis
1195 601 1602 690 quibusdam,
1648 625 1816 689 quae
1848 608 2130 675 maxime
2176 608 2238 674 in
2269 628 2388 676 usu
2419 616 2570 677 sunt

242 706 308 766 et
353 702 425 766 in
474 702 706 786 quibus
751 723 853 770 res
897 702 1205 771 facillime
1252 710 1678 789 cognoscitur.

1168 1027 1456 1096 CAPUT
1499 1030 1647 1096 XII.

1160 1159 1275 1238 De
1328 1164 1659 1264 lecythz‘o.

415 1311 517 1378 Ac
559 1313 837 1396 primum
886 1315 1146 1399 quidem
1193 1315 1537 1383 dicendum
1583 1317 1668 1383 de
1699 1317 1972 1385 dimetro
2019 1319 2345 1388 trochaico
2391 1328 2564 1389 cata·

238 1414 512 1500 lectico‚
576 1416 748 1499 quod
795 1418 960 1484 inest
1006 1424 1070 1485 et
1127 1419 1193 1484 in
1238 1419 1443 1485 altera
1501 1420 1854 1487 tetrametri
1912 1421 2224 1489 trochaici
2268 1429 2470 1507 parte.
2499 1430 2564 1491 et

238 1518 303 1582 in
355 1519 645 1585 trimetro
690 1519 967 1587 iambico
1027 1520 1178 1587 inde
1237 1542 1279 1587 a
1324 1541 1594 1588 caesura
1638 1523 2113 1606 semiquinaria.
2203 1525 2371 1590 Nam
2419 1546 2561 1593 eam

238 1627 594 1687 metrorum
624 1628 894 1706 partem,
944 1643 1109 1707 quae
1139 1643 1182 1690 a
1213 1624 1494 1690 metricis
1525 1624 1761 1690 dicitur
1791 1623 2142 1708 lecythium
2182 1625 2562 1711 (Hephaest.

236 1742 300 1805 p.
336 1726 423 1788 20
455 1723 797 1810 westph),
843 1726 1068 1809 aequis
1113 1726 1206 1792 uti
1252 1725 1505 1808 legibus
1551 1726 1680 1791 iam
1727 1724 1969 1791 dudum
2013 1727 2427 1795 intellectum.

414 1824 602 1904 Quod
663 1826 1017 1912 lecythium
1086 1828 1215 1894 arsi
1273 1827 1631 1894 irrationali
1700 1829 1895 1893 utitur
1958 1848 2086 1895 una
2140 1832 2558 1915 paenultima.

237 1927 440 1995 Cuius
488 1930 730 1996 nullam
780 1929 978 1997 habet
1021 1930 1332 1996 rationem
1383 1927 1582 1996 thesis
1627 1929 1856 2013 prima,
1903 1931 2174 1997 solvitur
2214 1933 2381 1999 enim
2417 1953 2559 2001 sex-

239 2033 506 2116 centies,
555 2051 656 2099 ex.
691 2052 784 2116 gr.
818 2032 995 2118 Sept.
1024 2036 1093 2099 3:
1155 2032 1464 2117 βλέφαρα
1508 2029 1597 2117 μὴ
1644 2033 1894 2113 κοιμῶν
1938 2022 2162 2118 ὕπνῳ,
2211 2035 2386 2102 Pers.
2440 2041 2560 2102 174

238 2132 575 2218 (tetram.):
636 2131 912 2218 δύναμις
968 2128 1290 2220 ἡγεῖσθαι
1333 2134 1526 2219 θέλῃ.
1631 2134 1733 2200 Ab
1792 2135 2019 2201 ultima
2073 2142 2288 2203 autem
2346 2139 2558 2206 unius·

239 2238 553 2321 cuiusque
596 2239 785 2304 metri
831 2258 909 2304 ac
942 2237 1120 2304 finali
1165 2236 1331 2303 thesi
1377 2238 1607 2303 abesse
1639 2237 2192 2304 irrationalitatem
2239 2240 2430 2307 certis
2476 2240 2558 2308 de

236 2341 474 2422 causiS,
523 2359 792 2423 quarum
836 2359 1030 2406 unam
1077 2359 1270 2423 supra
1307 2339 1613 2421 indicavi,
1663 2337 2054 2405 credendum
2088 2345 2203 2406 est.
2294 2342 2561 2408 Restant

237 2442 435 2527 igitur
482 2441 698 2511 theses
746 2448 811 2510 et
852 2442 1022 2510 arsin
1070 2441 1507 2508 irrationalem
1566 2439 1957 2507 antecedens
2014 2446 2077 2507 et
2138 2442 2555 2526 subsequens.

233 2544 332 2612 Ac
376 2545 559 2630 prius
606 2545 865 2630 quidem
908 2545 1514 2629 antepaenultimam
1562 2542 2068 2628 contemplemur
2110 2541 2340 2611 thesin.
2429 2546 2557 2613 Pro

234 2647 547 2716 trochaeo
594 2650 799 2716 altero
844 2654 1288 2732 anapaestum,
1333 2652 1404 2712 ut
1446 2646 1750 2728 breviter,
1800 2665 2023 2711 verum
2055 2665 2182 2711 non
2215 2644 2558 2733 ῥυθμικῶς

234 2751 475 2835 dicam,
521 2750 867 2836 Euripides
897 2751 1113 2836 posuit
1158 2749 1332 2816 haud
1363 2769 1507 2815 raro
1554 2749 1620 2814 in
1651 2748 2025 2832 posterioris
2056 2749 2289 2815 aetatis
2319 2749 2557 2819 fabulis

235 2853 328 2937 (in
376 2853 610 2922 Oreste
654 2852 1052 2936 undevicies‚
1100 2853 1166 2919 in
1210 2852 1357 2918 Hel.
1404 2853 1607 2919 vicies
1653 2850 1874 2933 semel,
1922 2851 1985 2914 in
2032 2850 2309 2918 Bacchis
2356 2854 2557 2922 vicies
2609 2921 2614 2927 .

233 2962 389 3041 ter);
441 2977 526 3023 ex
569 2958 794 3041 primis
840 2975 993 3023 vero
1051 2955 1289 3023 fabulis
1350 2955 1553 3021 tribus
1610 2958 2033 3038 anapaestum
2088 2974 2206 3037 pro
2251 2955 2557 3024 trochaeo

234 3059 509 3145 lecythii
568 3060 772 3126 altero
831 3058 971 3125 sola
1027 3057 1227 3124 habet
1269 3057 1503 3124 Medea
1564 3059 1650 3135 (v.
1687 3059 1884 3121 1176:
1942 3046 2260 3139 ὀλολυγῆς
2315 3060 2522 3141 μέγαν
2537 3086 2559 3138 ‚-

234 3184 293 3229 ν.
325 3167 486 3231 96οε
532 3162 876 3244 βασίλειον
922 3161 1258 3240 πέπλων),
1321 3160 1597 3227 Alcestis
1656 3180 1783 3225 non
1828 3159 1954 3225 nisi
1998 3160 2064 3224 in
2108 3159 2365 3225 nomine
2409 3179 2553 3242 pro-

235 3267 376 3350 prio
449 3269 539 3344 (v.
582 3267 763 3349 483),
829 3265 895 3329 in
956 3264 1315 3348 Hippolyto
1382 3263 1641 3328 omnino
1696 3281 1824 3327 non
1882 3258 2220 3325 invenitur.
2320 3259 2419 3325 Ac
2474 3282 2555 3328 ne

233 3367 602 3453 Aeschylus
660 3348 940 3452 quidem²
980 3372 1045 3433 et
1088 3365 1445 3450 Sophocles
1504 3384 1650 3430 eum
1710 3365 2126 3446 anapaestum
2186 3379 2383 3445 saepe
2441 3362 2555 3428 ad-

233 3472 565 3554 miserunt,
614 3477 682 3537 ut
711 3468 1038 3536 Wundero
1070 3468 1348 3547 (advers.
1380 3468 1446 3533 in
1478 3466 1644 3532 Phil.
1677 3486 1739 3550 p.
1776 3466 1883 3541 34)
1912 3464 2167 3530 omnino
2200 3463 2555 3533 exclusisse

234 3573 361 3640 visi
392 3574 541 3640 sint.
617 3573 702 3639 At
732 3592 1122 3657 quamquam
1152 3572 1401 3655 aliquot
1433 3569 1732 3653 exempla
1761 3568 1899 3634 iure
1930 3562 2273 3634 emendata
2316 3567 2551 3644 (Prom.

230 3677 376 3742 213.
402 3676 506 3741 Αἰ.
533 3679 701 3760 450),
732 3676 866 3742 alia
895 3675 1083 3741 aliter
1112 3671 1508 3741 removenda
1537 3691 1678 3738 esse
1710 3669 2010 3755 equidem
2043 3688 2274 3736 censeo
2306 3668 2546 3754 (Antig.

234 3782 432 3847 1209:
491 3763 885 3862 περιπΐτνει
937 3778 1102 3861 βοῆς
1158 3776 1368 3844 scribo
1428 3795 1543 3858 pro
1601 3776 2017 3857 περιβαίνει;
2073 3770 2249 3855 Sept.
2299 3774 2422 3836 650
2483 3778 2555 3838 ut

232 3901 269 3949 e
302 3882 551 3949 scholio
584 3881 943 3949 confectum
977 3879 1209 3962 eiicio),
1256 3885 1468 3944 tamen
1499 3882 1950 3961 praeterquam
1983 3873 2153 3958 quod
2186 3873 2252 3938 in
2281 3874 2549 3939 nomini·

230 3986 353 4052 bus
383 3984 664 4069 propriis
709 3984 1033 4050 invenitur
1080 3980 1281 4065 (Sept.
1315 3981 1458 4045 448.
1494 3983 1637 4044 577.
1673 3982 1817 4044 641.
1852 3980 1994 4044 658.
2033 3979 2219 4041 1013.
2249 3974 2370 4059 Ag.
2405 3977 2550 4040 523.

235 4091 425 4152 1404.
471 4087 649 4153 Pers.
682 4087 827 4151 284.
861 4088 1007 4149 447.
1054 4084 1156 4149 Ai.
1192 4081 1398 4161 569(‘?)
1432 4081 1508 4150 Ο.
1539 4083 1614 4148 R.
1649 4084 1797 4147 950.
1834 4084 2013 4146 1053.
2053 4081 2238 4144 1235.
2285 4075 2456 4141 Phil.
2489 4080 2549 4141 4.

338 4195 569 4250 Leipziger
595 4192 797 4238 sunnon.
847 4192 976 4236 XIV.
2175 4178 2233 4229 18
