3177 4960
614 331 739 391 270
1583 326 1742 395 Hugo
1779 324 1968 381 Jusatz

610 505 778 589 243),
823 507 1068 571 restant
1114 499 1434 584 exempla,
1487 518 1657 582 quae
1702 505 1814 566 aut
1858 497 2138 582 synizesi
2185 517 2314 564 non
2362 488 2660 565 credibili
2706 517 2935 565 curare

611 607 809 691 (Sept.
849 607 1033 671 1022.
1083 602 1308 688 Suppl.
1343 601 1485 667 333.
1532 601 1710 668 Pers.
1745 603 1889 666 332.
1938 600 2121 666 Eum.
2158 604 2298 664 107.
2349 604 2495 666 450.
2540 599 2775 668 Aesch.
2810 600 2933 684 frg.

614 714 756 793 173,
787 714 825 774 4
888 709 954 774 in
999 705 1336 788 trimetris,
1398 702 1641 771 Archil.
1674 704 1794 785 frg.
1831 707 1930 768 71.
1989 703 2166 770 Pers.
2202 706 2318 766 171
2387 704 2455 769 in
2499 701 2933 787 tetrametris),

614 818 725 879 aut
768 809 1222 879 emendatione
1264 826 1393 873 non
1436 805 1775 890 probanda
1819 803 2074 884 (Trach.
2111 807 2265 882 743)
2313 805 2626 889 expedire
2671 805 2933 872 studue-

612 918 759 979 runt
802 909 1166 977 Wunderus
1211 908 1474 990 aliique.
1563 908 1792 991 Itaque
1823 905 2132 973 Wunderi
2176 907 2495 973 sententia
2524 927 2694 974 nunc
2723 907 2936 974 abiec-

615 1023 682 1081 ta
742 1020 841 1082 est
894 1013 1198 1095 (Reissig.
1243 1031 1470 1078 comm.
1512 1012 1647 1077 crit.
1697 1011 1764 1076 in
1795 1008 1994 1094 Soph.
2028 1008 2188 1077 Oed.
2225 1009 2360 1075 Col.
2407 1030 2470 1093 p.
2506 1011 2663 1093 3853
2726 1008 2796 1075 C.
2837 1010 2935 1075 Fr.

615 1117 885 1184 Mueller
929 1115 1011 1182 de
1055 1112 1205 1199 ped.
1250 1113 1366 1180 sol.
1413 1134 1476 1198 p.
1510 1114 1637 1190 75).

785 1220 1010 1285 Restat
1039 1218 1233 1301 igitur
1279 1235 1358 1282 ea
1387 1213 1610 1298 thesis,
1659 1234 1824 1298 qnae
1871 1214 2225 1296 insequitur
2268 1214 2441 1280 arsin
2481 1214 2934 1280 irrationalem.

618 1322 965 1406 Dactylum
1008 1320 1075 1384 in
1119 1318 1287 1404 pede
1345 1317 1622 1385 iambico
1680 1316 1949 1383 trimetri
2006 1322 2072 1383 et
2130 1317 2484 1383 tetrametri
2541 1317 2935 1400 paenultimo

616 1445 744 1492 non
800 1421 1077 1490 inveniri
1130 1423 1427 1503 (excepto
1489 1438 1683 1487 versu
1739 1438 1866 1485 non
1924 1417 2275 1503 Euripideo
2335 1417 2476 1502 Iph.
2529 1419 2679 1485 Aul.
2742 1421 2937 1484 1623:

616 1524 864 1610 μόσχον
909 1523 1196 1609 νεογενῆ)
1239 1527 1460 1592 notum
1505 1527 1622 1587 est.
1716 1520 2119 1587 Hermannus
2177 1520 2404 1604 (praef.
2451 1519 2539 1587 ad
2582 1521 2734 1587 Eur.
2780 1521 2932 1588 Hec.

618 1651 682 1715 p.
714 1626 1042 1695 XXXXII
1071 1627 1190 1709 sq.)
1239 1625 1379 1691 eius
1408 1624 1503 1690 rei
1534 1642 1794 1690 causam
1842 1641 1983 1690 esse
2017 1623 2131 1705 ait,
2177 1620 2352 1706 quod
2397 1629 2829 1707 „properante
2858 1622 2935 1689 ad

617 1730 811 1798 finem
867 1748 1132 1795 numero
1190 1728 1424 1795 solutio
1482 1726 1717 1809 longae
1775 1725 2069 1809 syllabae
2130 1724 2253 1792 hoc
2315 1727 2521 1809 magis
2581 1726 2649 1791 in
2696 1726 2935 1810 tragico

622 1853 815 1901 versu
860 1831 1205 1916 displiceat
1262 1847 1527 1897 necesse
1572 1830 1689 1911 sit,
1749 1847 1876 1912 quo
1920 1828 2179 1911 aegrius
2240 1826 2570 1895 exhaustis
2617 1829 2745 1895 iam
2804 1830 2936 1912 pnl-

622 1935 919 2002 monibus
949 1934 1014 1997 in
1043 1930 1172 1998 fine
1217 1950 1515 1998 versuum
1560 1931 1858 1997 celeritas
1890 1935 1956 1997 et
1983 1931 2083 1997 vis
2113 1932 2363 1998 numeri
2406 1928 2780 2014 augeatur.“
2857 1931 2937 1996 At

625 2057 704 2104 ea
747 2034 907 2101 mihi
963 2053 1092 2100 non
1146 2032 1563 2099 satisfaciunt.
1656 2033 2001 2099 Lubricum
2058 2032 2229 2099 enim
2291 2052 2433 2101 esse
2483 2033 2644 2099 mihi
2690 2034 2940 2101 videtur

624 2136 909 2222 rhythmi
954 2135 1225 2202 alicuius
1269 2140 1536 2201 naturae
1588 2135 1933 2218 qualitates
1978 2134 2290 2218 quasdam
2335 2135 2702 2204 indefinitas
2749 2138 2937 2204 tribu·

626 2259 754 2322 ere,
803 2239 1199 2306 celeritatem
1244 2244 1308 2304 et
1343 2238 1495 2321 vim,
1542 2257 1688 2304 cum
1734 2258 1860 2322 quo
1905 2240 2289 2322 pertineant,
2336 2258 2463 2321 quo
2510 2240 2818 2323 oriantur,
2863 2240 2941 2307 sit

626 2344 985 2411 obscurum.
1076 2338 1489 2407 Celeritatem
1530 2341 1780 2407 numeri
1810 2341 1877 2405 in
1907 2340 2132 2408 solutis
2177 2341 2448 2424 syllabis
2492 2343 2770 2425 positam
2804 2362 2941 2410 esse

627 2446 1030 2514 Hermannus
1062 2442 1345 2511 voluisse
1375 2441 1649 2510 videtur.
1711 2443 1798 2509 At
1828 2442 2136 2511 credibile
2162 2448 2261 2511 est
2282 2443 2515 2512 breves
2544 2443 2729 2530 duas,
2760 2465 2939 2529 prae·

628 2551 847 2617 sertim
877 2568 1021 2616 cum
1045 2548 1108 2612 in
1134 2567 1259 2614 nno
1284 2546 1643 2630 eodemque
1665 2547 1865 2612 verbo
1889 2547 2103 2629 insint,
2133 2565 2252 2614 nec
2276 2548 2484 2615 maius
2515 2550 2795 2634 spatium
2828 2568 2942 2615 nec

628 2654 835 2719 minus
866 2650 991 2717 sibi
1023 2649 1354 2716 vindicare
1399 2648 1709 2731 temporis
1750 2667 1942 2731 quam
1972 2648 2231 2732 longam
2265 2669 2454 2715 unam
2488 2652 2841 2734 perfectam
2872 2672 2942 2718 ac

630 2753 960 2820 disemam.
1038 2750 1170 2815 Alii
1201 2769 1355 2817 vero
1388 2751 1454 2815 in
1483 2751 1616 2817 arsi
1648 2751 1792 2834 ipsa
1834 2770 2030 2834 supra
2074 2751 2433 2834 legitimum
2477 2755 2758 2836 spatium
2806 2774 2942 2838 pro-

586 2935 593 2942 .
631 2855 825 2921 ducta
868 2853 1117 2918 numeri
1161 2871 1288 2918 non
1333 2858 1465 2918 tam
1509 2853 1906 2921 celeritatem
1959 2872 2150 2936 qnam
2194 2854 2693 2923 retardationem
2739 2857 2945 2924 inesse

630 2957 827 3023 aiunt.
888 2952 1080 3032 Quod
1111 2953 1432 3037 quomodo
1463 2975 1608 3022 cum
1642 2956 1972 3023 celeritate
2011 2956 2127 3022 illa
2155 2957 2403 3023 numeri
2432 2958 2498 3023 in
2528 2958 2779 3026 duabus
2811 2961 2944 3025 bre-

631 3059 821 3126 vibus
844 3057 1057 3143 posita
1080 3056 1423 3124 convenit?
1453 3058 1652 3124 Porro
1678 3060 1799 3146 etsi
1823 3058 2093 3124 duarum
2115 3059 2404 3125 brevium
2431 3062 2944 3142 pronuntiatione

632 3162 970 3247 pulmones
1016 3160 1432 3243 linguamque
1487 3161 1696 3244 magis
1755 3159 2002 3227 intendi
2048 3160 2472 3228 concedamus
2525 3183 2720 3246 quam
2765 3164 2945 3230 unius

635 3266 888 3349 longae,
932 3282 1014 3330 ne
1063 3263 1155 3328 ita
1199 3262 1459 3345 quidem
1505 3262 1855 3347 quidquam
1900 3269 2243 3330 excusatur
2299 3266 2423 3331 nisi
2470 3266 2803 3334 solutionis
2845 3286 2943 3332 ra-

634 3369 811 3434 ritas.
880 3366 1105 3449 Itaque
1153 3364 1397 3449 siquid
1426 3365 1666 3449 valent,
1715 3385 1882 3449 qnae
1912 3365 2320 3433 Hermannus
2351 3366 2638 3450 protulit,
2685 3388 2946 3435 excusa·

639 3471 735 3535 vit
778 3466 1116 3534 solutionis
1174 3468 1521 3534 raritatem.
1614 3467 1700 3532 At
1759 3488 1870 3534 cur
1914 3469 2300 3536 solutionem
2360 3488 2488 3535 non
2533 3472 2785 3537 omnino
2834 3489 2947 3536 ex·

638 3572 885 3638 clusere
929 3573 1163 3652 poetae
1209 3588 1250 3635 a
1293 3569 1461 3637 thesi
1507 3569 1779 3653 quinta?
1852 3570 1938 3636 At
1993 3590 2205 3653 neque
2262 3572 2425 3638 arsis
2480 3571 2948 3655 longitudinem

636 3693 757 3741 nec
787 3670 989 3739 thesis
1018 3672 1404 3739 solutionem
1449 3672 1683 3740 evitari
1714 3672 2032 3756 videmus,
2079 3678 2292 3740 tamen
2338 3692 2592 3759 semper
2621 3675 2947 3743 exclusam

639 3776 1023 3845 solutionem
1064 3775 1255 3840 simul
1284 3776 1481 3858 longa
1508 3774 1953 3842 antecedente.
2001 3811 2083 3821 —
2128 3773 2303 3853 Quid
2333 3795 2488 3843 vero
2523 3776 2623 3843 vis
2654 3777 2947 3842 numeri?

639 3878 849 3957 Quam
891 3877 947 3944 si
992 3876 1058 3942 in
1103 3877 1265 3944 ictus
1322 3877 1641 3960 gravitate
1700 3878 1977 3962 positam
2024 3897 2168 3946 esse
2214 3879 2678 3963 intellegimus,
2736 3897 2950 3946 nonne

639 3983 706 4048 in
753 3981 934 4047 brevi
979 4012 1064 4025 —-
1109 3998 1257 4046 nam
1314 3979 1381 4044 in
1442 3999 1634 4046 unam
1694 3980 1869 4046 cadit
1924 3981 2278 4065 syllabam,
2338 4000 2466 4047 non
2520 3982 2586 4047 in
2638 3981 2817 4047 binas
2868 4018 2953 4027 —-

640 4086 836 4153 ictum
904 4101 1033 4148 non
1090 4087 1333 4149 tantum
1402 4083 1620 4150 valere
1678 4089 1969 4167 apertum
2030 4089 2158 4167 est,
2228 4089 2534 4168 quantum
2593 4083 2656 4148 in
2711 4083 2952 4167 longa?
